2658 4476
131 231 884 394 fiveEleganaia‚&Sublimirate‚
944 243 1044 374 169

105 405 197 510 (Ne
208 408 334 494 dicam
335 407 469 518 stulte)
490 407 723 490 natata-
742 445 777 484 ω
799 502 815 514 ,-
890 525 895 536 Ι

75 579 301 700 Fatendum
328 585 378 668 est
411 608 593 706 praterea,
629 555 855 678 Terentium,
890 581 1061 683 aliosque

77 693 253 804 optimos
276 695 524 802 Scriptores,
516 722 554 773 tn
562 690 676 805 jacul
670 719 733 774 are
748 693 840 774 istud
853 693 989 774 malum
1008 695 1058 774 se·

77 810 157 888 mel
176 831 295 912 atque
320 813 454 887 iterum
480 803 676 886 incidisse·
710 803 803 884 Sunt‘
821 809 941 886 etiam
973 831 1058 910 pau

76 943 126 997 cae
148 919 268 1018 hujus
296 923 439 1023 generis
469 920 616 1010 facetiae,
642 935 838 1024 quapurae
854 917 1059 1046 aequivoca

77 1023 205 1110 tiones
232 1055 315 1108 non
341 1029 424 1110 sunt
448 1031 651 1120 habendae,
690 1029 843 1128 quando
877 1031 1058 1108 nimirum

77 1163 163 1220 non
187 1167 335 1222 vocum
358 1141 608 1234 solummodo,
636 1138 697 1219 sed
732 1143 774 1218 δι
793 1161 1057 1242 conceptuum,
1204 1217 1206 1226 ,

75 1255 261 1354 quaedam
286 1253 334 1334 est
359 1245 638 1347 srmllitudo3
624 1253 802 1352 equibus
826 1251 1061 1330 coalescenti·
1162 1287 1166 1292 2

76 1363 151 1444 bus
186 1365 385 1468 ingenium
411 1366 561 1466 aliquod
590 1364 791 1454 interdurn,
829 1360 893 1442 sed
936 1361 1058 1460 rarius,

70 1471 209 1579 potest
238 1477 325 1554 erui.
383 1471 511 1580 Atque
535 1475 611 1555 haec
634 1473 726 1565 sunt,
753 1499 834 1574 quar
864 1477 911 1553 de
926 1498 1059 1554 conce·

77 1607 226 1688 pnsum
244 1583 439 1694 elegantia,
465 1610 655 1678 tumveta,
679 1605 762 1664 tum
775 1580 874 1679 salsa,
902 1589 1060 1666 dicenda

79 1699 201 1778 nobis
216 1699 445 1780 videbantur.

139 1917 213 2000 De
225 1915 317 2000 Subi
311 1921 471 2010 imitate,
482 1918 629 1998 seorsim
645 1921 800 2023 sumpta,
811 1944 891 1999 non
898 1945 991 2022 opus
998 1919 1064 2011 cst,

80 2050 128 2108 ut
161 2031 294 2111 multis
310 2029 519 2108 disseramus
531 2063 543 2120 3
580 2031 731 2128 quiade
752 2031 814 2106 illa
834 2027 988 2132 sparsim,
1014 2049 1062 2106 at-

83 2165 165 2242 que
187 2142 321 2232 obiter,
348 2142 518 2245 quedam
541 2143 618 2236 jatn
637 2140 731 2218 dista
753 2135 849 2232 sunt,
876 2164 963 2218 cum
984 2141 1063 2220 aliis

82 2253 351 2334 coincidentia.
381 2247 509 2330 Restat
524 2251 781 2344 nihilominus,
797 2272 837 2328 ut
857 2252 960 2328 istam
976 2247 1060 2329 Dis·

86 2359 296 2442 sectationis
321 2363 455 2442 ·noslrae
482 2387 625 2470 partem
656 2364 862 2468 separatim,
900 2363 961 2442 sed
980 2364 1060 2441 bre-

86 2475 199 2564 viter,
236 2475 441 2552 trademus.
497 2473 556 2554 Ut
589 2474 820 2555 sublimitatis
844 2498 972 2553 natura
1003 2501 1084 2562 ert-v

87 2585 265 2686 plicetur,
299 2587 431 2682 &quo
452 2588 583 2676 modo,
610 2591 732 2688 &qua
759 2585 935 2680 decausa,
954 2611 1060 2664 men-

88 2713 145 2772 tes
181 2684 307 2784 afficit,
348 2693 582 2782 ostendatur3
627 2696 720 2771 nihil
760 2695 866 2774 satius
901 2683 1065 2798 praestare

87 2804 294 2930 possumus,
332 2827 447 2904 quam
471 2801 539 2881 hac
568 2805 617 2878 de
637 2828 675 2880 re
689 2805 779 2902 quid
794 2803 940 2882 senserit
959 2803 1060 2884 Lon-

82 2915 214 3018 giam,
237 2915 523 3016 *nonquidem
536 2908 638 3017 ipstus
660 2914 793 3006 verbis,
819 2937 941 3012 neque
961 2917 1060 2996 nuda

93 3030 209 3106 etiam
237 3023 324 3106 vers
327 3051 412 3117 one
452 3024 516 3104 sed
536 3027 661 3126 quoad
690 3047 813 3102 tetum
847 3021 1060 3120 summam,

92 3137 408 3238 paucisexhibere
464 3133 567 3239 Quid
589 3135 638 3214 est
648 3135 754 3229 rllud
772 3159 850 3238 quo
862 3158 913 3215 tta
931 3140 1060 3264 impel-

93 3249 220 3327 luntur
253 3241 566 3327 divinilstmorum
596 3247 798 3326 hominum
808 3246 981 3356 spiritus,
1020 3271 1062 3330 ut

97 3358 135 3436 in
162 3357 310 3460 scriptis,
335 3361 437 3460 quod
462 3378 668 3438 accuratum
681 3359 749 3454 est,
776 3360 987 3456 delicatum,
1020 3367 1061 3444 δι

97 3473 141 3548 ad
177 3471 340 3572 vulgares
370 3470 510 3573 regulas
548 3471 725 3560 erastum,
765 3473 887 3552 minus
912 3493 1055 3568 curent,

98 3575 328 3684 ,sublimitati
341 3582 518 3687 precipue
536 3580 739 3662 studentes?
773 3577 973 3666 Nimirum
993 3583 1060 3662 ho

421 3791 507 3886 *Ψιῖ
521 3786 595 3870 ³4⁸⁵·
613 3800 682 3860 Sed.
688 3819 706 3894 ‚3
710 3820 739 3878 5.
