2682 4474
363 239 443 354 De
460 233 593 368 Poeſs
615 233 851 373 Lyra-aa
978 283 1037 362 22
1044 287 1074 385 9

102 471 305 580 Patiamini
327 475 465 582 iraque,
494 465 726 564 Academici,
753 467 911 580 Vosque
932 475 1078 574 illustris

97 589 392 695 quaquaversum
429 583 637 690 Hospitum
672 580 842 682 Corona,
886 589 1071 697 quoniam
1144 627 1150 638 ·

98 701 194 780 mihi
217 704 331 783 etiam
371 718 491 808 partes
527 717 617 780 meae
640 697 923 794 demandantur,
959 703 1071 807 paria.-

98 814 194 892 mini
217 816 399 912 juvcnum
420 799 781 914 elegantissimorum
811 814 986 906 carmina,
1028 817 1067 891 dt

94 927 297 1015 orationes,
322 920 494 1026 tantisper
513 921 726 1024 expediam
785 921 876 999 dum
910 921 1069 1010 Poescos

91 1027 420 1138 Lyricaequoenam
438 1029 480 1113 iit
503 1033 623 1136 origo,
650 1035 689 1108 ὁ(
712 1031 919 1132 antiquitas,
944 1037 1065 1138 quod·

89 1169 186 1242 nam
202 1147 385 1252 peculiare
414 1171 456 1226 ac
484 1142 738 1226 discriminans
753 1145 960 1248 ingenium,
974 1169 1065 1256 ¹qua-

86 1257 135 1338 lis
176 1259 215 1335 ὅ(
240 1267 366 1358 ¹quam
392 1257 492 1336 vatia
529 1255 712 1350 materies,
753 1277 924 1355 quaenam
959 1255 1066 1342 deni,

88 1389 185 1555 pue,
208 1369 304 1446 inter
319 1384 468 1459 veteres,
495 1367 533 1442 δε
562 1367 794 1458 recentiores,
821 1362 897 1450 hoc'
927 1391 1063 1476 genere

88 1479 277 1670 fctibendi
301 1476 552 1586 discrepantia,
579 1498 730 1556 mecum
756 1478 913 1577 breuiter
934 1482 1063 1588 exqui-

104 1611 250 1676 tverttrs.

148 1805 465 1911 Antiquissimum
496 1811 567 1889 esse
591 1808 667 1888 hoc
688 1804 846 1902 Poema,
872 1811 953 1898 satis
970 1813 1063 1893 conl

87 1917 167 2005 stat.
222 1917 371 2002 Primus
391 1921 721 1997 instrumentorum
749 1915 901 1997 Mustcae
935 1926 1062 2002 inven-

87 2050 152 2109 tor
165 2025 278 2138 Jubal
300 2033 341 2108 in
364 2027 467 2110 sacris
487 2027 600 2119 literis
625 2047 882 2112 memoratur:
906 2053 976 2116 nec
994 2035 1061 2111 du·
1141 2033 1144 2038 ’

87 2141 196 2222 bium
217 2143 278 2237 eii,
315 2143 406 2246 quin
430 2141 500 2222 istis
531 2137 777 2220 instrumentis
798 2142 960 2223 carmina
983 2142 1061 2224 sue.-

86 2256 161 2334 rint
178 2244 360 2352 adjunii'a.
416 2248 505 2334 Imo
522 2251 568 2332 ab
590 2245 752 2334 tunore
765 2247 896 2360 Judoo
915 2258 941 2314 *
966 2257 1058 2335 anti-

84 2367 225 2468 quitate
245 2367 458 2460 venerabili,
496 2363 583 2444 licet
604 2362 645 2442 in
668 2362 833 2442 sanstum
860 2359 1056 2456 Codicem

83 2468 168 2554 non
188 2476 357 2568 admisso,
383 2479 597 2564 edocemur,
624 2471 777 2553 eosdem
794 2477 858 2576 qui
872 2471 1057 2584 Muficam

42 2663 49 2678 ,
82 2585 409 2692 excogitaverunt,
436 2581 711 2688 versaretiam
734 2583 776 2662 in
789 2577 949 2771 scrp'pt'is
967 2590 1057 2668 reci.

79 2691 188 2804 tciffe.
244 2691 439 2784 Poetiuam
458 2691 640 2797 ipsam'ab
669 2687 856 2794 Hymnie·
873 2700 1055 2792 etiaiibus,

81 2833 180 2914 quos
203 2810 244 2895 iu
265 2807 452 2899 honorem
473 2801 566 2898 Dei,
602 2799 682 2908 post
705 2802 880 2901 ¹colledias
913 2807 1055 2910 messes,

78 2921 195 3024 primi
217 2921 391 3002 homines
423 2913 626 3006 canebant,
680 2914 865 3017 originem
899 2918 1052 3014 traxisse,

80 3033 172 3115 alibi
198 3031 383 3112 ostensum
406 3029 473 3110 est:
518 3023 693 3108 Odatum
715 3026 826 3130 igitur
857 3031 964 3133 otigo
989 3053 1051 3109 co·

80 3146 174 3228 dem
196 3163 367 3246 tempore
386 3141 627 3244 investigatur,
651 3137 733 3237 quo'
751 3134 857 3242 ipsius
866 3135 1049 3223 Poetiees.

82 3249 135 3334 Et
155 3253 335 3358 profesio,
362 3245 576 3331 srintemos
607 3267 742 3346 motus,
777 3270 886 3354 atque
916 3255 1048 3361 impul-

82 3365 151 3459 sus,
177 3367 315 3446 mentis
333 3364 502 3442 humanae
525 3361 778 3451 attendamus3
816 3363 863 3440 ab
895 3365 968 3469 ipsa
993 3388 1046 3447 te·

82 3501 167 3555 rum
189 3469 321 3557 ¹natura
331 3471 640 3554 verisimillimum
649 3471 810 3570 videtur,
836 3470 1045 3570 Porticam,

83 3591 261 3691 gaudium
286 3589 483 3680 eliciendo,
510 3589 547 3664 ὅ(
576 3607 643 3675 tes,
669 3581 728 3664 vri
745 3585 928 3690 personas,
954 3592 1047 3667 celc-

80 3700 233 3796 brandO,
270 3703 392 3806 ptimo
416 3696 578 3804 erupisse,
602 3713 731 3795 atque
768 3699 864 3800 adeo
885 3693 1046 3780 Mistea

279 3895 284 3903 ·
345 3878 811 4039 teron.vrlga.canx¹iv·v·t·
859 3941 871 3954 ..
961 3956 1049 4052 ms

552 3997 555 4006 .
586 3983 605 4068 3
990 3983 1066 4056 se
