2734 4482
292 327 326 418 4
465 281 615 383 Oratio
644 242 924 416 'Inuug'ura'lis
936 334 949 408 3
972 282 1075 415 stur

292 429 535 540 solummodo
556 431 756 536 eonvenite
779 433 1008 549 arbitranmr,
1053 427 1266 540 te'schblis
1361 421 1362 470 ³

229 659 230 664 Ν
288 573 499 674 ablegatam
541 565 687 660 volunt,
728 585 905 666 tanquam
943 565 1128 648 effraenata
1164 573 1269 650 luxu·
1360 645 1362 662 1

1360 509 1362 582 l

294 685 454 760 riantem
477 677 638 770 liuentia,
675 683 715 756 dr
747 681 847 756 nulla
867 679 1041 758 doslrinae
1059 703 1194 761 norma
1215 679 1269 760 es·
1360 681 1362 764 ἶ

294 791 543 870 formandam.
600 787 694 866 Inest
719 789 874 890 quidem
910 789 962 867 illi
997 789 1110 884 sutor,
1151 813 1187 872 at
1212 789 1269 869 fu·
1360 841 1362 898 4

297 925 360 982 ror
388 901 557 992 divinus3
606 896 801 978 irratione
835 922 916 976 non
953 901 1161 996 deflectens,
1202 899 1267 982 sed
1359 903 1362 996 ζ

295 1017 525 1092 ornatiorem
542 1035 639 1102 eam,
666 1013 704 1089 dt
719 1009 988 1110 sublimiorem,
1003 1005 1177 1094 efficiens.
1205 1007 1268 1090 In·
1359 1005 1362 1029 ⁴

300 1123 351 1204 est
380 1127 496 1204 etiam
525 1124 645 1227 ignis,
683 1140 718 1199 at
739 1122 916 1214 incendio
931 1146 1011 1202 non
1029 1120 1166 1218 sunilis,
1204 1121 1268 1236 sed
1359 1176 1362 1228 3

180 1315 182 1324 ,
298 1237 380 1339 igni
416 1237 542 1342 potius
578 1233 633 1310 isti
666 1257 709 1310 ex
741 1255 820 1333 quo
845 1233 1140 1315 constaneorbes
1156 1237 1268 1316 coele·
1359 1239 1362 1326 l

300 1347 388 1436 stes3
413 1348 479 1446 qui
500 1345 662 1422 flammae
686 1341 766 1434 suae,
803 1340 911 1422 simul
936 1351 975 1424 dr
995 1345 1144 1450 fulgori,
1177 1368 1270 1424 eon·
1359 1351 1362 1366 ⁴

300 1458 468 1559 junllum
486 1453 599 1532 habet
621 1474 764 1532 certum
783 1450 906 1532 cursile
923 1459 1110 1548 ordinem,
1135 1459 1174 1536 ὅ(
1185 1481 1269 1536 mo-

301 1588 344 1647 tu
364 1569 451 1646 licet
470 1557 713 1670 rapidiss‘tmn
754 1563 888 1648 servata
922 1586 1051 1646 tamen
1083 1569 1177 1672 lege,
1203 1569 1271 1650 cir·
1359 1541 1362 1586 ⁵

299 1679 566 1760 convolvitur.

359 1893 455 1980 Dari
478 1901 589 2004 igitur
608 1896 838 2004 disciplinam
865 1901 930 1994 illi,
959 1899 1124 1984 omuino
1141 1923 1276 1982 couve—

214 2016 217 2024 ’
253 2007 254 2011 '
306 2014 385 2094 nit:
424 2005 477 2090 Et
508 2010 583 2093 hoc
611 2033 765 2091 munere
788 2012 880 2112 quid
899 2013 1143 2106 'concinniun
1181 2014 1275 2116 quid
1360 2027 1362 2037 ⁴

307 2124 505 2226 elegantius
527 2123 723 2222 excogitari
744 2123 888 2222 potuit?
916 2125 1018 2228 Quid
1046 2123 1191 2224 dignius
1214 2124 1277 2202 vel

183 2244 186 2257 ’
306 2233 414 2334 quod
450 2231 629 2330 acciperet
671 2221 915 2307 excultissrma
953 2229 1172 2321 Academia,
1214 2235 1278 2309 vel
1360 2211 1362 2288 l

307 2342 412 2443 quod
448 2333 587 2418 Homo
631 2333 786 2416 Aulieus
818 2335 994 2421 donaret?
1038 2336 1107 2420 Ille
1136 2343 1278 2420 etenim

311 2452 404 2531 urbe
433 2447 591 2530 versatus
614 2442 754 2526 Aulam
778 2451 989 2530 exornavit:
1016 2445 1105 2530 sreut
1125 2453 1165 2530 in
1184 2449 1277 2532 Aca·
1360 2501 1361 2506 Ν

312 2564 437 2644 demia
456 2559 632 2640 Domum
652 2559 766 2649 iliam,
791 2585 904 2662 quam
921 2564 1016 2653 viris,
1033 2564 1200 2668 ingenio,
1220 2586 1282 2666 ge-

313 2675 410 2752 neris
435 2671 642 2778 splendore,
687 2675 725 2750 &
744 2695 893 2750 morum
913 2673 1129 2768 urbanitate,
1147 2671 1282 2780 speda-

304 2777 461 2864 tilsrmis
496 2779 637 2886 semper
674 2775 871 2866 effloruisse
911 2786 1129 2890 accepimus,
1171 2807 1282 2886 atque

305 2897 431 2976 nodie
456 2893 714 2974 florescentem
732 2895 988 2998 conspicimus.
1044 2891 1161 2975 Certe
1188 2895 1283 2976 nihil

316 3012 433 3110 aptius
469 3006 558 3105 fingi
600 3007 732 3106 potuit,
766 3007 870 3103 quod
894 3007 1053 3086 donaret
1085 3003 1159 3084 Vir
1192 3003 1284 3088 Mu·

315 3117 359 3200 fis
385 3109 652 3196 artricilitmus:
697 3114 740 3190 iis
758 3117 903 3192 etenim
932 3141 1012 3196 non
1035 3116 1182 3198 deditus
1203 3138 1283 3196 tan·

316 3250 415 3319 tum,
443 3227 503 3305 sed
520 3225 646 3304 charus
667 3221 759 3314 suita
788 3221 1042 3307 amoenissima
1059 3250 1186 3307 earum
1214 3227 1282 3306 stu-

318 3341 378 3420 dia
398 3362 479 3414 non
504 3337 622 3412 modo
641 3337 788 3428 amavit,
830 3361 959 3417 verum
985 3343 1099 3420 etiam
1130 3335 1284 3420 feliciter

319 3451 507 3530 exercuit:
549 3471 618 3522 nec
640 3445 812 3545 cuiquam
846 3448 929 3528 sane
958 3453 1075 3552 magis
1095 3453 1285 3547 convenit,

318 3553 453 3640 Poessn
473 3553 673 3636 Haeredem
695 3554 861 3654 seribere,
886 3585 1000 3660 quam
1014 3557 1151 3644 Poetae.

268 3795 272 3804 “
377 3775 632 3882 ῼοῐηρετῐιιιῃ
650 3773 715 3855 Ille
729 3776 878 3870 habuit,
896 3776 989 3854 nihil
1004 3781 1196 3877 jucundius
1217 3779 1289 3862 ess'e

244 3917 254 3938 ·
318 3915 433 4008 quarn
455 3913 553 3975 vates
596 3892 765 3994 antiquos
800 3895 994 3996 perlegere,
1023 3889 1089 3974 nist
1111 3895 1291 4022 penedos

1143 4025 1292 4086 tmttart.
