2752 4476
289 145 383 273 368
519 145 598 243 De
614 141 824 248 Poamate
839 141 998 289 Epicu,

281 309 395 403 sentia
426 329 465 404 &
490 317 623 404 Rebus
655 324 760 428 gestis
789 322 968 408 Deorum.
1026 327 1156 426 Serto,
1192 325 1240 414 de

280 429 551 542 conceptibus,
577 441 617 516 ur
636 434 832 517 Diffione.

299 619 485 760 ¹Singula
513 655 592 740 hare
627 653 764 762 Capita
801 657 879 739 fuse
914 660 1065 752 tractam
1103 593 1249 768 singula·

281 766 432 849 summo
445 765 617 871 Ingenio,
638 769 803 881 Judicio,
821 793 930 873 atque
943 768 1248 867 Eruditioneaba

280 882 400 961 soluit.
455 877 510 957 At
526 882 649 960 minut
662 883 863 960 commoda
878 883 1021 961 uidetur
1034 883 1108 976 ista,
1132 909 1245 986 quarn

279 990 469 1096 proponit,
496 985 713 1071 Methodus.
768 986 928 1071 Natura
946 992 1091 1072 definiti
1113 1017 1246 1074 omnes

280 1103 449 1196 ejusdcm
484 1121 599 1205 patres
632 1103 908 1205 complectitur:
937 1099 1103 1206 Ideoque
1129 1131 1242 1187 unum

280 1207 500 1316 Divifionis
516 1206 725 1292 Membtum
738 1213 818 1292 ficri
831 1223 911 1292 non'
928 1217 1039 1294 debet
1048 1254 1066 1307 3
1091 1241 1174 1318 quo
1192 1218 1246 1296 ida

244 1337 250 1350 “
280 1328 385 1408 circo
408 1324 460 1420 (ut
486 1323 601 1426 vulgo
630 1323 686 1426 fir)
718 1329 766 1406 ita
797 1327 919 1430 potius
941 1325 1160 1408 instituenda
1183 1329 1245 1423 estu

281 1456 322 1515 ut
341 1436 409 1513 tria
430 1452 577 1533 tanturn
598 1435 825 1514 discriminet
852 1417 1092 1516 Dct‘uritionis
1124 1461 1244 1516 ment.

277 1549 363 1626 brat
389 1538 590 1624 Materiam
622 1546 770 1640 scilicet,
807 1541 998 1640 Formam,
1025 1553 1064 1626 it
1092 1543 1242 1631 Finem.

278 1654 452 1740 Materia
462 1658 617 1735 includit
631 1657 845 1751 Actionem,
861 1663 898 1736 δι
912 1653 945 1736 F
946 1661 1093 1760 abulam
1103 1697 1118 1749 ,-
1144 1683 1240 1761 qua-¹

276 1791 363 1848 rum
395 1767 569 1870 posterior
603 1763 809 1849 Incidentia
845 1767 938 1871 (quae
975 1775 1162 1872 vocantur)
1198 1774 1241 1848 &

277 1875 469 1984 Episodia,
494 1873 627 1959 Mores
655 1882 811 1987 insuper,
838 1885 876 1959 it
893 1877 1132 1960 Charaiieras
1151 1876 1239 1960 Pet·

277 1989 450 2072 sonatum
467 1985 742 2086 Humanarum,
768 1987 964 2071 Machmas
986 1993 1145 2092 denique
1162 1987 1241 2069 De·

278 2126 404 2195 orum,
445 2103 713 2204 compleiiitur.
783 2095 919 2182 Forma
947 2104 1115 2180 continet
1153 2096 1243 2181 Mo·

279 2215 386 2304 dum,
414 2211 476 2292 scu
485 2209 692 2292 Rationem
704 2209 905 2304 Narrandu
918 2209 988 2291 five
1000 2235 1067 2312 per
1079 2207 1243 2290 Po’e'tanr

273 2321 395 2425 ipsum
418 2321 480 2396 fiat
509 2316 706 2409 Narratio,
740 2318 811 2398 srve
845 2345 910 2422 per
933 2318 1029 2396 fidius
1058 2315 1241 2402 Personas

274 2449 431 2534 quatum
444 2421 645 2508 Orationes
667 2427 861 2508 recitantur
872 2464 886 2520 a
914 2423 1239 2510 Commotionem

273 2563 426 2645 quoquc
439 2534 660 2632 affeiiuum3
686 2537 981 2644 Descriptiones3
1009 2535 1237 2634 sermones,

276 2653 513 2743 Sententiasa
530 2646 745 2756 Conceptus
755 2653 879 2746 etiam,
906 2647 1065 2753 Stylum,
1093 2656 1131 2730 δε
1144 2647 1238 2732 Ver-

194 2769 210 2784 “
277 2765 541 2852 srfimtionema
567 2765 701 2863 quibus
732 2763 1095 2867 comprehenduntur
1117 2758 1238 2842 Corn·

276 2876 494 2981 parationes,
518 2895 653 2976 ornnes
674 2869 829 2977 Figurae,
855 2879 893 2952 ἃ
925 2867 1059 2976 Tropi,
1105 2895 1239 2952 omnes

275 2987 438 3085 denique
456 2979 785 3076 Decorationeu&
798 2981 1042 3063 Ornamenta.
1070 2975 1238 3063 Finisen

278 3093 477 3176 Corretiio
496 3087 669 3185 Morum,
695 3099 733 3174 it
750 3089 907 3172 Virtutis
935 3089 1237 3181 Incremenmmr

271 3210 327 3304 ¹de
344 3229 435 3306 quo,
460 3199 610 3306 implet
626 3222 713 3284 cunr
727 3198 790 3294 stt,
817 3207 856 3283 δῑ
869 3229 933 3308 pet
950 3201 987 3283 se
1004 3204 1085 3283 satis
1107 3203 1240 3310 perspi

276 3341 377 3413 cuus,
403 3339 484 3414 nort
501 3313 550 3394 est
568 3316 673 3415 quod
696 3316 859 3394 multum
881 3317 1099 3396 laboremus.

332 3533 408 3618 Har
433 3552 550 3640 partes
574 3556 617 3616 ut
635 3534 697 3615 hic
717 3531 862 3638 smgulae
884 3532 1148 3644 recenfirentur'
1174 3549 1240 3640 pat

116 3719 121 3734 .
276 3669 381 3738 erata
408 3645 469 3726 sed
497 3649 674 3729 omnibus
698 3663 798 3726 nunc
827 3645 1014 3727 immorari
1034 3649 1129 3726 mihi
1158 3669 1239 3725 non
1351 3727 1352 3732 a

276 3751 327 3842 cst
355 3749 603 3882 proposueram:
631 3753 730 3860 Quia
761 3758 939 3838 nimirum
963 3757 1241 3952 pletasqgffi
