2734 4482
262 269 288 363 8
432 263 582 364 Oratio
614 261 892 402 Inauguralt's
904 323 918 394 5
941 267 1043 406 five

1348 79 1350 98 l

1349 137 1350 150 l

258 433 467 546 lescentulis
501 441 745 520 exercendam
792 445 1024 548 permittunt.
1096 441 1230 543 Quam
1350 450 1352 486 ²

260 552 387 652 iniqua
404 549 480 630 haec
495 545 744 646 sircalumnia‚
771 555 830 634 vel
844 555 979 635 exinde
993 551 1228 657 licetperspi·

262 685 357 750 cere,
403 663 505 760 quod
522 681 698 766 oporteat-
716 665 757 742 in
783 664 859 747 hoc
880 689 1015 771 genere
1044 660 1231 747 scribendi

261 772 418 849 feliciter
443 773 625 850 versatum
655 795 734 854 non
757 776 878 855 solum
899 776 1050 858 summo
1087 773 1230 878 ingenii

261 885 447 974 acumine,
474 885 666 986 elegantia,
692 891 731 964 dc
752 886 911 990 fulgore,
938 883 1116 993 ptaestate3
1164 883 1229 962 sed

263 999 305 1071 &
334 988 585 1074 subanissimo
610 999 750 1093 judicio
775 1019 963 1078 maturum
991 993 1083 1087 elle,
1120 1016 1232 1096 atque
1325 1033 1327 1042 ν

262 1108 376 1182 omni
412 1109 595 1186 literarum
628 1107 848 1214 supellectile
875 1107 1101 1188 instrucium.
1158 1099 1235 1187 Ni·
1354 1115 1355 1172 ἲ

263 1219 407 1296 mirum
436 1238 584 1322 oportet
618 1239 660 1298 ur
685 1222 835 1299 annales
863 1219 1054 1326 temporis,
1092 1239 1233 1298 rerum·

265 1350 339 1427 que
365 1329 545 1430 gestarum
567 1351 824 1423 monumenta,
842 1332 999 1432 ,evolvat
1010 1365 1026 1421 ,-
1053 1348 1233 1407 terrarum
1354 1338 1356 1384 ³

267 1443 305 1516 ὅ(
337 1443 535 1542 regionum
568 1435 653 1520 suus
679 1443 897 1546 investiget,
921 1443 1039 1523 varios
1062 1441 1234 1542 gentium

268 1573 394 1628 mores
442 1549 644 1651 intelligat,
713 1553 892 1654 quicquid
947 1550 1121 1630 homines
1173 1548 1235 1628 vel
1356 1565 1357 1574 ‘

270 1683 395 1762 agunt,
441 1663 500 1738 vel
526 1663 726 1764 patiuntur,
771 1659 998 1765 cognoscat,
1038 1662 1236 1738 interiores

270 1773 409 1850 mentis
432 1772 584 1851 recessus
610 1770 719 1874 arque
741 1775 859 1851 aditus
885 1773 1071 1877 explorem
1101 1767 1236 1858 mundi
1357 1799 1358 1826 ι

269 1906 493 1987 compagem
515 1883 724 1988 perlustretr
750 1881 958 1965 universam
984 1883 1146 1982 denique
1175 1901 1238 1956 na·

269 2013 397 2074 tutam
415 1993 621 2072 exhaustam
656 1994 800 2076 habeat.
866 1991 1130 2074 Erudirioncm
1157 1983 1240 2069 Ht-
1358 2005 1359 2014 ‘

272 2108 375 2197 meri,
403 2129 510 2206 atquc
527 2101 698 2199 Horatii,
723 2131 841 2184 nemo
863 2105 913 2182 est
945 2124 1043 2183 certe
1069 2103 1238 2202 quinon

273 2219 394 2293 videat
408 2221 447 2291 δε
464 2217 674 2292 collaudet:
701 2211 746 2290 In
765 2211 922 2318 Wrgilio
932 2216 1110 2314 praecipue
1121 2231 1242 2286 omne
1359 2231 1360 2286 3

272 2349 390 2430 genus
414 2324 638 2398 literaturam
666 2327 748 2424 quis
789 2346 869 2400 non
893 2326 1064 2410 miratum
1108 2339 1244 2398 uttam-

275 2461 349 2536 que
375 2429 667 2535 Philosophiam,
697 2429 917 2522 Historiam,
946 2429 1244 2536 Geographiam,
1359 2447 1360 2454 ‘

276 2553 328 2637 dr,
346 2543 590 2623 scientiarum
601 2549 777 2622 omnium
789 2547 1010 2648 principem,
1031 2539 1243 2626 Mathema-

278 2659 415 2735 iicam?
459 2655 494 2733 A
521 2650 701 2733 Lucretio
731 2656 817 2761 satia·
848 2658 1070 2746 edocemur,
1100 2653 1245 2760 optime

278 2769 479 2850 convenire
498 2761 691 2866 Physicam
722 2773 759 2846 &
777 2763 971 2848 Poeticam
986 2803 1011 2856 ς.
1028 2765 1137 2864 atquc
1158 2787 1244 2842 om·

281 2884 375 2958 nino
395 2903 458 2982 par
479 2877 559 2970 csse,
583 2898 624 2955 ut
648 2879 777 2957 cadem
796 2881 873 2959 haec
897 2877 1033 2956 Schola
1059 2875 1247 2976 *utrique

215 3005 218 3015 ’
280 2993 503 3086 destinetur:
543 3013 665 3090 neque
688 2989 827 3067 habent
848 2991 951 3089 quod
977 3008 1174 3088 querantur
1198 2981 1247 3060 sc·

156 3163 159 3172 .
281 3105 441 3180 veriores
476 3097 708 3206 Philosophi,
741 3103 893 3180 alteram
920 3101 1065 3178 alterius
1099 3095 1247 3178 consors

283 3217 340 3292 tio
361 3211 600 3296 dehonestari.
636 3207 639 3215 '

340 3427 557 3524 Praescrtim,
605 3427 631 3508 st
659 3433 698 3508 in
729 3434 981 3540 pulcherrimae
1008 3425 1109 3509 Artis
1139 3441 1251 3518 ttattt·

285 3565 366 3624 ram
388 3545 545 3646 penitius
576 3542 837 3646 inspiciamus3
863 3547 964 3622 uude
986 3541 1184 3634 constabit,
1211 3540 1253 3615 il·

286 3658 363 3735 lam
396 3653 437 3728 in
461 3653 497 3729 se
518 3657 716 3757 compledli
747 3658 921 3762 quicquid
947 3657 986 3728 in
1009 3655 1180 3731 oratione
1197 3647 1251 3729 so-
1296 3741 1298 3750 Ι

283 3769 364 3849 lura
386 3767 446 3845 vel
473 3769 612 3870 grande
639 3767 699 3859 cll,
717 3764 1010 3856 'velvenustum
1049 3781 1158 3864 atque
1195 3784 1252 3840 or·
1283 3874 1289 3884 Ι

537 3919 554 3955 *
567 3913 660 3975 Schola
672 3913 805 3976 Naturalis
820 3911 1005 3994 Philosophia.

1070 3992 1258 4082 narnentia
