2752 4476
291 238 399 372 ³32⁶
480 361 492 384 θ
595 233 689 338 ‚De
709 227 941 338 Cimoediia

292 407 516 510 dllinguune,
552 409 590 485 dc
610 403 781 490 vultuum
804 411 914 490 eriam
939 403 1171 492 'lincamenta
1190 401 1260 492 elisa

289 521 502 614 crimluant.
558 514 699 600 Hilaris
730 519 800 598 else
830 521 944 623 porei
969 511 1266 626 regum'puren·

294 624 474 708 tissimus:
502 623 573 706 Sed
602 649 782 728 quantum
808 631 983 736 discrepat
1003 633 1062 710 ista
1096 631 1264 711 hilaritas

21 743 23 808 l
173 774 176 785 ‚
293 741 422 840 abdi>
461 763 532 839 qua
552 737 701 818 rusticus
719 737 972 844 perfunditur!
996 739 1114 822 Potest
1143 745 1266 821 etiam

296 851 414 954 pastor
439 852 498 927 vel
524 853 685 951 agricola
716 869 841 928 amore
870 853 1099 954 languescere
1135 857 1173 932 ὅ(
1201 877 1269 956 pe-

296 963 386 1038 rire:
414 955 488 1038 Sed
510 983 624 1059 quam
643 963 788 1040 diversa
812 959 894 1038 sunt
916 963 1011 1042 illius
1039 967 1192 1063 querela
1214 964 1267 1039 ab

296 1072 342 1151 iis
362 1095 459 1172 quas
473 1073 623 1162 ¹eodem
654 1075 790 1148 morbo
809 1073 978 1151 laborans
1012 1069 1171 1150 effundit
1188 1067 1269 1171 Ty·

297 1206 445 1282 pannus,
481 1185 540 1261 vcl
563 1177 787 1281 Imperator!
815 1183 918 1287 Quin
947 1189 985 1261 δε
1007 1178 1161 1267 ambitio
1174 1205 1268 1283 qua

297 1297 388 1394 dam
419 1291 507 1368 inest
537 1293 649 1366 etiam
674 1288 808 1384 insama
845 1295 1071 1372 conditionis
1104 1293 1269 1371 homiui-

301 1407 391 1511 bus:
416 1399 629 1501 Sedquam
652 1396 836 1480 diffimilis
851 1403 1138 1483 iliasublimiori
1155 1405 1270 1482 ambi
1288 1392 1293 1412 ’

299 1517 395 1592 tioui
414 1514 628 1618 Principum
642 1516 680 1592 δι
694 1506 938 1616 Magnarum!
1210 1527 1218 1536 ‘
1255 1513 1259 1522 ’

199 1759 203 1766 ’
359 1731 582 1840 Quanquam
612 1751 738 1812 autem
774 1732 894 1814 nullus
923 1732 971 1815 eil
996 1734 1173 1816 humanus
1199 1735 1271 1814 Af.

301 1839 425 1948 fedius,
456 1847 521 1946 qui
550 1848 589 1923 iu
616 1841 838 1926 Comoedia·
856 1849 951 1926 relic
992 1847 1149 1926 exhiberi
1172 1867 1270 1956 «nou

303 1957 450 2064 potest,
476 1959 587 2044 debet
605 1975 729 2034 tamen
758 1951 800 2038 τὸ
822 1962 1106 2064 pasiadrprimas
1131 1953 1273 2060 scm'per

302 2071 487 2159 obtinere,
514 2092 584 2171 prae
608 2071 743 2146 cacteris
756 2067 896 2169 semper
907 2070 1102 2148 dominari.
1139 2066 1274 2170 ¹Scrip

19 2179 22 2224 ÷
170 2249 172 2256 .
303 2184 379 2260 tori
400 2203 513 2280 quam
532 2175 573 2256 fir
609 2170 759 2256 difficile
789 2201 922 2255 verum
937 2173 1165 2268 Ridiculum,
1193 2199 1272 2255 nou

305 2308 450 2368 tantum
473 2307 552 2364 rem
582 2284 696 2384 ipsam
723 2289 885 2388 expertis,
911 2283 1275 2380 sedricrattendeuri-

306 2395 386 2487 bus,
403 2395 546 2472 abunde
558 2393 706 2471 constat.
760 2391 931 2491 Arduum
943 2391 1000 2472 sest
1014 2393 1110 2474 belle
1121 2398 1277 2500 ineptiae

305 2507 565 2614 perstringere3
597 2507 635 2580 ἃ
665 2501 842 2610 ingeniose
872 2499 996 2582 ridere·
1021 2510 1103 2584 artis
1121 2509 1173 2585 cst·
1195 2531 1274 2584 non
1354 2543 1355 2546 κ

306 2619 516 2700 mediocris.
569 2609 757 2716 Plerisque
786 2635 912 2694 tamen
942 2613 1138 2695 hodiernis·
1163 2621 1275 2720 longe
1354 2657 1355 2666 κ

311 2728 456 2812 aliaest
483 2725 681 2816 sentcntiae
718 2729 865 2826 quibus.
881 2726 978 2804 wnihil
996 2727 1147 2819 {facilius
1179 2731 1277 2806 vide·
1354 2721 1355 2748 ³

312 2865 494 2946 turquam
520 2833 694 2922 ridiculos
716 2833 878 2917 homines
890 2835 1041 2946 facere:
1068 2834 1117 2916 Et
1155 2863 1275 2918 revera

313 2949 481 3046 nihilcst
509 2948 662 3042 facilius,
687 2958 802 3046 quam
841 2945 1040 3039 itaridcre,
1079 2968 1118 3027 ut
1147 2944 1208 3027 illi
1238 2952 1279 3025 ri»
1354 2955 1355 3034 l

297 3057 426 3143 deut:
444 3033 1280 3165 Apud'quosvulturdrstirtusualerjocus'3&
1354 3047 1355 3096 ³

314 3165 543 3278 omnisjrcus
557 3171 674 3244 telum
692 3168 732 3244 in
757 3166 839 3244 emi.
874 3233 876 3238 .
896 3166 969 3248 Sed
989 3169 1105 3273 dispar
1122 3169 1191 3249 suit
1206 3167 1278 3246 sen-

316 3289 432 3388 eentia
454 3276 625 3369 Horatii,
652 3281 689 3354 δι
739 3276 894 3356 ereutii.-
921 3273 1050 3358 Nostri
1065 3275 1280 3358 autem'Ho·

318 3395 550 3481 munciones‚
576 3391 667 3466 dum
694 3388 786 3466 alios
815 3389 947 3478 rident,
970 3390 1019 3469 se'·
1041 3391 1137 3470 solos
1154 3384 1279 3470 ridicu·

318 3499 377 3584 los
392 3503 552 3580 faciunt:
579 3499 710 3588 rident,
745 3502 783 3574 dc
800 3499 1002 3578 irridentur.
1059 3497 1170 3582 Valet
1188 3504 1281 3603 apud

320 3620 402 3703 nos',
429 3629 469 3686 ut
482 3611 585 3709 quod
596 3626 723 3685 verum
741 3607 788 3684 cst
799 3607 987 3702 fateamur,
1008 3612 1178 3691 ridiculus
1189 3609 1281 3692 Gus-

321 3744 379 3803 tus
404 3711 590 3800 Ridiculi:
615 3715 716 3815 isque
737 3740 816 3795 non
845 3739 986 3799 rantum
1004 3723 1046 3798 in
1069 3718 1280 3812 Comoedia,

295 3869 297 3879 ¹
323 3823 709 3939 sediualiissrrzptir,
737 3828 980 3933 aepraeserrinr
992 3829 1181 3940 prosaicis,
1207 3855 1280 3934 qua
1353 3867 1354 3924 3

737 3983 743 3994 ·
1120 3945 1284 4024 maximo
1353 3941 1354 4033 l
