2752 4476
437 271 438 276 ¹
515 173 813 321 Peroratio.¹
1018 259 1112 358 39¹
1212 355 1215 364 ἢ

183 465 186 470 ,
284 383 398 493 Tque
413 387 489 468 haee
512 386 607 478 sunt,
631 411 714 490 qua
730 385 836 494 snper
853 390 968 470 ¹variis
1004 389 1124 496 Argu·

100 493 104 502 ’
313 501 461 593 mentis,
479 494 759 600 Praeledtiouum
771 498 973 580 nostrarum
989 499 1126 598 Cursu,

170 616 326 694 breviter
348 607 548 694 disserenda
572 609 779 690 existimavi.
845 607 992 692 Omnia
1019 608 1127 694 ame

171 725 367 804 telleviter
382 721 552 814 delibata,
578 723 638 801 vel
659 721 804 824 penitus
813 721 955 819 intaeta,
981 719 1128 814 Succes-

172 835 313 929 soribus
339 834 433 911 meis
460 833 567 921 trado
590 833 732 935 plenius
752 833 977 925 evolvenda;
993 838 1130 937 quibus

171 941 350 1024 Defessus
368 966 472 1022 meos
489 944 756 1048 adimplendos,
792 962 900 1046 atque
926 941 1076 1028 Errores
1091 973 1132 1050 eg

105 1057 109 1064 '
173 1058 415 1146 mendandos,
440 1053 621 1154 relinquo.
676 1048 779 1133 Mihi
794 1055 885 1155 quid
909 1059 985 1154 jam
1013 1057 1134 1152 restat,¹
1205 1075 1207 1078 ·

174 1161 242 1248 nisa
261 1187 302 1245 ut
313 1169 429 1260 vobis,
455 1161 684 1259 Academici,
722 1167 851 1268 gratias
880 1189 994 1268 quam
1018 1173 1130 1248 maxi

175 1301 255 1374 mas
285 1278 418 1366 iterum
447 1276 654 1382 iterumque
685 1275 903 1378 persolvam,
933 1301 975 1358 ac
1007 1277 1131 1360 felices

176 1390 297 1490 vivere
310 1413 376 1468 vos
396 1393 434 1466 &
448 1377 564 1483 v'a'lere
580 1385 756 1484 jubeam?
797 1379 942 1468 Officio
964 1386 1049 1470 sane
1070 1391 1133 1470 tri-

174 1499 260 1579 stior
270 1501 453 1590 cederem;
466 1494 531 1575 nisr
549 1499 876 1578 animadverterem
886 1498 1150 1582 favorevestro*

1 1641 22 1710 ¹,
164 1605 284 1719 futffl
300 1609 590 1701 cohonestatum,
615 1628 830 1713 perpetuum
853 1609 945 1688 mihi
967 1612 1138 1696 inhono-
1268 1709 1272 1717 ⁸

22 1745 35 1801 ·,
112 1723 115 1734 ’
177 1744 257 1800 rem
282 1711 494 1801 redundare.
561 1722 674 1826 Quod
697 1721 849 1801 reddam
876 1720 971 1798 nihil
997 1721 1136 1828 habeo,

178 1849 417 1936 protervum,
441 1829 634 1936 precesque
647 1823 925 1926 ardentissimas,
952 1851 992 1912 ut
1002 1837 1135 1915 omnia

182 1941 393 2021 Academiae
406 1935 548 2024 vertant
559 1944 666 2034 bene,
692 1947 731 2022 ὃ(
750 1940 992 2025 crescentibus
1001 1937 1138 2026 AEdifi·

186 2045 263 2143 ciis‘,
288 2052 447 2148 crescant
463 2054 517 2130 illi
544 2046 685 2150 (stfieri
696 2053 838 2158 potest)
868 2049 1053 2153 Esuditio,
1090 2081 1135 2136 ac

36 2249 40 2254 ,
182 2157 322 2256 Virtus,
348 2169 386 2243 dc
404 2158 737 2264 Famautriusque3
763 2170 802 2243 de
825 2160 1070 2256 Inimicotum
1097 2164 1140 2246 fi-

182 2295 245 2353 cut
265 2275 433 2373 convicia
448 2271 623 2379 spernitis,
649 2277 699 2352 ita
710 2276 867 2379 impetus
883 2277 1008 2372 etiam,
1017 2303 1059 2359 ac
1068 2279 1142 2360 tela

183 2387 314 2465 vitetis.
369 2381 541 2464 Faustum
559 2387 750 2488 quiddam,
776 2385 955 2490 profesto,
980 2383 1143 2470 nisifalsa

91 2507 94 2514 ’
184 2518 255 2574 nos
265 2494 342 2601 spes
365 2493 487 2586 habet,
511 2498 686 2598 quodque
695 2515 865 2598 optamus
877 2501 1014 2578 creduli
1029 2503 1143 2582 nimis
1213 2565 1221 2572 .

183 2629 411 2710 auguramur,
438 2603 618 2708 spondent
655 2609 693 2682 &
721 2605 935 2684 ominamur
948 2625 1009 2688 tot
1038 2635 1142 2694 nova

184 2709 593 2820 quotidie,difficillimis
605 2717 846 2819 temporibus,
859 2717 1040 2821 surgentia
1053 2715 1144 2800 Mu-

182 2830 305 2910 sarum
323 2829 514 2918 culmina,-
537 2831 582 2905 *ut
599 2823 624 2902 sa
639 2828 697 2905 vel
713 2824 856 2906 menses
878 2830 1018 2930 aliquot
1032 2833 1145 2936 egeri·

187 2962 271 3020 mus
300 2939 462 3019 absentes
491 2939 538 3016 ab
563 2932 821 3034 Universitate,
859 2943 1010 3029 reduces
1041 2961 1146 3047 ‘pene

116 3125 121 3134 .
188 3045 365 3156 Hospires
379 3052 580 3142 videamur,
606 3053 656 3144 dc,
682 3050 984 3154 rationepeuitus
1009 3050 1148 3134 diversa

139 3161 143 3170 ’
192 3164 239 3239 ab
260 3187 302 3243 ea
313 3185 385 3264 qua
404 3157 557 3240 Didium
578 3155 1026 3265 illudolimusurpabatut,
1043 3161 1147 3251 Oxo..-

184 3271 290 3367 ,nium
320 3293 525 3382 quaeramur
540 3269 586 3349 in·
609 3269 770 3351 omnio.
827 3267 996 3354 Portenti
1026 3275 1148 3378 itaque

188 3382 293 3460 instar
308 3381 521 3467 habendum
539 3381 599 3471 est,
625 3375 829 3476 Homines,
852 3386 918 3494 qui
938 3389 1149 3468 maximum

187 3491 312 3598 praesc
330 3492 453 3572 ferunt
470 3488 598 3596 Patria
614 3517 794 3587 amorem,
821 3494 912 3574 illud
927 3496 1045 3602 ipsum
1057 3478 1184 3582 odis-⁴5

189 3603 287 3684 seac
316 3603 511 3708 despicere,
536 3605 641 3705 quod
669 3607 821 3707 patriam
847 3629 918 3708 prae
935 3611 1069 3688 ceteris
1085 3610 1154 3688 ho·

189 3715 302 3792 nestat
318 3720 356 3793 &
375 3735 555 3810 exornat·¹
593 3710 790 3814 Denobis
802 3717 921 3818 iniqui
939 3721 1052 3797 nimis
1067 3720 1151 3801 esse·

172 3847 275 3911 mus
294 3822 414 3936 Angli
445 3827 599 3927 judices,
625 3822 652 3904 ir
674 3827 721 3906 ad
746 3842 874 3910 catera
891 3826 992 3935 supra
1020 3853 1157 3912 omnes

1064 3945 1170 4086 alias(
