<?xml version="1.0" encoding="UTF-8"?>
<!DOCTYPE html PUBLIC "-//W3C//DTD XHTML 1.0 Transitional//EN"
    "http://www.w3.org/TR/xhtml1/DTD/xhtml1-transitional.dtd">
<html xmlns="http://www.w3.org/1999/xhtml" xml:lang="en" lang="en">
 <head>
  <title>
</title>
<meta http-equiv="Content-Type" content="text/html;charset=utf-8" />
  <meta name='ocr-system' content='tesseract 3.04.00' />
  <meta name='ocr-capabilities' content='ocr_page ocr_carea ocr_par ocr_line ocrx_word'/>
</head>
<body>
  <div class='ocr_page' id='page_1' title='image "./prlectionespoet00trapgoog_0041.png"; bbox 0 0 2734 4482; ppageno 0'>
   <div class='ocr_carea' id='block_1_1' title="bbox 390 239 1156 376">
    <p class='ocr_par' dir='ltr' id='par_1_1' title="bbox 390 239 1156 376">
     <span class='ocr_line' id='line_1_1' title="bbox 390 239 1156 376; baseline 0.012 -36"><span class='ocrx_word' id='word_1_1' title='bbox 390 239 619 356; x_wconf 67' lang='lat' dir='ltr'>Praelerlir</span> <span class='ocrx_word' id='word_1_2' title='bbox 655 240 836 346; x_wconf 84' lang='lat' dir='ltr'>Prima.</span> <span class='ocrx_word' id='word_1_3' title='bbox 1067 285 1094 376; x_wconf 91' lang='lat'>5</span> <span class='ocrx_word' id='word_1_4' title='bbox 1154 282 1156 290; x_wconf 79' lang='grc'>’</span> 
     </span>
    </p>
   </div>
   <div class='ocr_carea' id='block_1_2' title="bbox 1 397 1167 2288">
    <p class='ocr_par' dir='ltr' id='par_1_2' title="bbox 1 397 1167 2288">
     <span class='ocr_line' id='line_1_2' title="bbox 117 397 1092 513; baseline 0.013 -33"><span class='ocrx_word' id='word_1_5' title='bbox 117 403 273 484; x_wconf 85' lang='lat' dir='ltr'>imitari.</span> <span class='ocrx_word' id='word_1_6' title='bbox 330 397 475 487; x_wconf 83' lang='lat' dir='ltr'>Felices</span> <span class='ocrx_word' id='word_1_7' title='bbox 492 405 591 498; x_wconf 87' lang='lat' dir='ltr'>sane,</span> <span class='ocrx_word' id='word_1_8' title='bbox 616 407 682 506; x_wconf 88' lang='lat' dir='ltr'>qui</span> <span class='ocrx_word' id='word_1_9' title='bbox 706 425 905 508; x_wconf 88' lang='lat' dir='ltr'>utmmque</span> <span class='ocrx_word' id='word_1_10' title='bbox 925 405 1092 513; x_wconf 80' lang='lat' dir='ltr'>pollunts</span> 
     </span>
     <span class='ocr_line' id='line_1_3' title="bbox 116 513 1090 622; baseline 0.002 -30"><span class='ocrx_word' id='word_1_11' title='bbox 116 517 289 618; x_wconf 85' lang='lat' dir='ltr'>legendis</span> <span class='ocrx_word' id='word_1_12' title='bbox 307 513 436 596; x_wconf 84' lang='lat' dir='ltr'>saltem</span> <span class='ocrx_word' id='word_1_13' title='bbox 462 541 592 596; x_wconf 89' lang='lat' dir='ltr'>eorum</span> <span class='ocrx_word' id='word_1_14' title='bbox 619 514 758 622; x_wconf 80' lang='lat' dir='ltr'>scriptis</span> <span class='ocrx_word' id='word_1_15' title='bbox 791 543 927 602; x_wconf 91' lang='lat' dir='ltr'>omnes</span> <span class='ocrx_word' id='word_1_16' title='bbox 953 517 1090 600; x_wconf 84' lang='lat' dir='ltr'>versari</span> 
     </span>
     <span class='ocr_line' id='line_1_4' title="bbox 119 623 1089 730; baseline 0.003 -26"><span class='ocrx_word' id='word_1_17' title='bbox 119 628 284 730; x_wconf 82' lang='lat' dir='ltr'>expedit,</span> <span class='ocrx_word' id='word_1_18' title='bbox 320 629 386 730; x_wconf 91' lang='lat' dir='ltr'>qui</span> <span class='ocrx_word' id='word_1_19' title='bbox 407 629 528 708; x_wconf 80' lang='lat' dir='ltr'>literas</span> <span class='ocrx_word' id='word_1_20' title='bbox 556 623 726 708; x_wconf 70' lang='lat' dir='ltr'>affretant</span> <span class='ocrx_word' id='word_1_21' title='bbox 748 628 999 722; x_wconf 77' lang='lat' dir='ltr'>humaniores,</span> <span class='ocrx_word' id='word_1_22' title='bbox 1038 648 1089 708; x_wconf 87' lang='lat' dir='ltr'>at·</span> 
     </span>
     <span class='ocr_line' id='line_1_5' title="bbox 114 739 1089 846; baseline 0.001 -30"><span class='ocrx_word' id='word_1_23' title='bbox 114 761 194 836; x_wconf 90' lang='lat' dir='ltr'>que</span> <span class='ocrx_word' id='word_1_24' title='bbox 230 739 383 843; x_wconf 82' lang='lat' dir='ltr'>ingenia</span> <span class='ocrx_word' id='word_1_25' title='bbox 407 739 468 819; x_wconf 88' lang='lat' dir='ltr'>sua</span> <span class='ocrx_word' id='word_1_26' title='bbox 505 741 630 818; x_wconf 90' lang='lat' dir='ltr'>limare</span> <span class='ocrx_word' id='word_1_27' title='bbox 656 743 694 818; x_wconf 70' lang='grc' dir='ltr'>ὅ(</span> <span class='ocrx_word' id='word_1_28' title='bbox 715 745 876 846; x_wconf 85' lang='lat' dir='ltr'>expolire</span> <span class='ocrx_word' id='word_1_29' title='bbox 909 741 1089 844; x_wconf 83' lang='lat' dir='ltr'>satagunt.</span> 
     </span>
     <span class='ocr_line' id='line_1_6' title="bbox 116 843 1087 952; baseline 0.003 -27"><span class='ocrx_word' id='word_1_30' title='bbox 116 843 215 926; x_wconf 89' lang='lat' dir='ltr'>Sunt</span> <span class='ocrx_word' id='word_1_31' title='bbox 231 869 373 941; x_wconf 88' lang='lat' dir='ltr'>tamen,</span> <span class='ocrx_word' id='word_1_32' title='bbox 398 853 464 952; x_wconf 92' lang='lat' dir='ltr'>qui</span> <span class='ocrx_word' id='word_1_33' title='bbox 490 852 536 928; x_wconf 84' lang='lat' dir='ltr'>ab</span> <span class='ocrx_word' id='word_1_34' title='bbox 559 849 771 946; x_wconf 77' lang='lat' dir='ltr'>hujusmodi</span> <span class='ocrx_word' id='word_1_35' title='bbox 807 852 932 934; x_wconf 86' lang='lat' dir='ltr'>studiis</span> <span class='ocrx_word' id='word_1_36' title='bbox 965 857 1004 933; x_wconf 75' lang='grc' dir='ltr'>δι</span> <span class='ocrx_word' id='word_1_37' title='bbox 1027 851 1087 930; x_wconf 84' lang='lat' dir='ltr'>ab·</span> 
     </span>
     <span class='ocr_line' id='line_1_7' title="bbox 116 956 1090 1067; baseline 0.004 -32"><span class='ocrx_word' id='word_1_38' title='bbox 116 957 273 1040; x_wconf 86' lang='lat' dir='ltr'>horrent</span> <span class='ocrx_word' id='word_1_39' title='bbox 299 956 376 1064; x_wconf 85' lang='lat' dir='ltr'>ipsr,</span> <span class='ocrx_word' id='word_1_40' title='bbox 413 966 452 1042; x_wconf 77' lang='lat' dir='ltr'>dt</span> <span class='ocrx_word' id='word_1_41' title='bbox 484 963 575 1040; x_wconf 90' lang='lat' dir='ltr'>alios</span> <span class='ocrx_word' id='word_1_42' title='bbox 598 963 781 1042; x_wconf 82' lang='lat' dir='ltr'>deterrere</span> <span class='ocrx_word' id='word_1_43' title='bbox 807 963 1090 1067; x_wconf 66' lang='lat' dir='ltr'>aggrediunturr</span> 
     </span>
     <span class='ocr_line' id='line_1_8' title="bbox 116 1069 1089 1181; baseline 0.008 -35"><span class='ocrx_word' id='word_1_44' title='bbox 116 1071 159 1147; x_wconf 93' lang='lat' dir='ltr'>id</span> <span class='ocrx_word' id='word_1_45' title='bbox 185 1096 277 1152; x_wconf 88' lang='lat' dir='ltr'>vero</span> <span class='ocrx_word' id='word_1_46' title='bbox 304 1070 456 1166; x_wconf 84' lang='lat' dir='ltr'>faciunt,</span> <span class='ocrx_word' id='word_1_47' title='bbox 494 1097 573 1152; x_wconf 90' lang='lat' dir='ltr'>non</span> <span class='ocrx_word' id='word_1_48' title='bbox 594 1093 744 1177; x_wconf 83' lang='lat' dir='ltr'>propter</span> <span class='ocrx_word' id='word_1_49' title='bbox 763 1075 897 1181; x_wconf 88' lang='lat' dir='ltr'>vitium</span> <span class='ocrx_word' id='word_1_50' title='bbox 912 1069 1089 1164; x_wconf 72' lang='lat' dir='ltr'>Poeticae,</span> 
     </span>
     <span class='ocr_line' id='line_1_9' title="bbox 113 1171 1086 1288; baseline 0.009 -33"><span class='ocrx_word' id='word_1_51' title='bbox 113 1171 182 1260; x_wconf 82' lang='lat' dir='ltr'>l&#39;ed</span> <span class='ocrx_word' id='word_1_52' title='bbox 202 1178 332 1262; x_wconf 73' lang='lat' dir='ltr'>duum.</span> <span class='ocrx_word' id='word_1_53' title='bbox 391 1180 497 1262; x_wconf 90' lang='lat' dir='ltr'>Cum</span> <span class='ocrx_word' id='word_1_54' title='bbox 531 1184 635 1264; x_wconf 84' lang='lat' dir='ltr'>enim</span> <span class='ocrx_word' id='word_1_55' title='bbox 670 1185 742 1264; x_wconf 90' lang='lat' dir='ltr'>illis</span> <span class='ocrx_word' id='word_1_56' title='bbox 779 1183 920 1288; x_wconf 82' lang='lat' dir='ltr'>(pejore</span> <span class='ocrx_word' id='word_1_57' title='bbox 961 1179 1086 1264; x_wconf 70' lang='lat' dir='ltr'>lutod</span> 
     </span>
     <span class='ocr_line' id='line_1_10' title="bbox 116 1285 1091 1402; baseline 0.004 -32"><span class='ocrx_word' id='word_1_58' title='bbox 116 1285 268 1374; x_wconf 86' lang='lat' dir='ltr'>Natura</span> <span class='ocrx_word' id='word_1_59' title='bbox 294 1291 510 1398; x_wconf 86' lang='lat' dir='ltr'>efformatis)</span> <span class='ocrx_word' id='word_1_60' title='bbox 531 1296 597 1377; x_wconf 86' lang='lat' dir='ltr'>¹vel</span> <span class='ocrx_word' id='word_1_61' title='bbox 616 1297 765 1374; x_wconf 87' lang='lat' dir='ltr'>tarda&amp;</span> <span class='ocrx_word' id='word_1_62' title='bbox 783 1296 916 1402; x_wconf 82' lang='lat' dir='ltr'>frigida</span> <span class='ocrx_word' id='word_1_63' title='bbox 933 1297 1091 1390; x_wconf 82' lang='lat' dir='ltr'>indoles,</span> 
     </span>
     <span class='ocr_line' id='line_1_11' title="bbox 117 1403 1167 1509; baseline 0.004 -27"><span class='ocrx_word' id='word_1_64' title='bbox 117 1404 185 1482; x_wconf 89' lang='lat' dir='ltr'>vel</span> <span class='ocrx_word' id='word_1_65' title='bbox 214 1403 316 1484; x_wconf 75' lang='lat' dir='ltr'>crassa</span> <span class='ocrx_word' id='word_1_66' title='bbox 349 1411 389 1488; x_wconf 80' lang='lat' dir='ltr'>dt</span> <span class='ocrx_word' id='word_1_67' title='bbox 418 1409 616 1508; x_wconf 82' lang='lat' dir='ltr'>inelegans,</span> <span class='ocrx_word' id='word_1_68' title='bbox 654 1411 714 1486; x_wconf 89' lang='lat' dir='ltr'>vel</span> <span class='ocrx_word' id='word_1_69' title='bbox 746 1409 896 1488; x_wconf 89' lang='lat' dir='ltr'>morosa</span> <span class='ocrx_word' id='word_1_70' title='bbox 922 1409 1085 1509; x_wconf 89' lang='lat' dir='ltr'>denique</span> <span class='ocrx_word' id='word_1_71' title='bbox 1163 1427 1167 1438; x_wconf 89' lang='lat'><em>·</em></span> 
     </span>
     <span class='ocr_line' id='line_1_12' title="bbox 116 1513 1086 1625; baseline 0.01 -35"><span class='ocrx_word' id='word_1_72' title='bbox 116 1531 233 1613; x_wconf 85' lang='lat' dir='ltr'>atque</span> <span class='ocrx_word' id='word_1_73' title='bbox 260 1513 379 1620; x_wconf 85' lang='lat' dir='ltr'>aspera</span> <span class='ocrx_word' id='word_1_74' title='bbox 403 1519 603 1607; x_wconf 72' lang='lat' dir='ltr'>tribuaturr</span> <span class='ocrx_word' id='word_1_75' title='bbox 640 1518 793 1610; x_wconf 87' lang='lat' dir='ltr'>idcirco,</span> <span class='ocrx_word' id='word_1_76' title='bbox 818 1521 913 1598; x_wconf 91' lang='lat' dir='ltr'>dum</span> <span class='ocrx_word' id='word_1_77' title='bbox 926 1541 1086 1625; x_wconf 83' lang='lat' dir='ltr'>graves,</span> 
     </span>
     <span class='ocr_line' id='line_1_13' title="bbox 1 1619 1085 1734; baseline 0.005 -31"><span class='ocrx_word' id='word_1_78' title='bbox 1 1671 2 1678; x_wconf 23' lang='grc' dir='ltr'><strong><em>κ</em></strong></span> <span class='ocrx_word' id='word_1_79' title='bbox 115 1621 269 1719; x_wconf 86' lang='lat' dir='ltr'>scilicet,</span> <span class='ocrx_word' id='word_1_80' title='bbox 307 1623 437 1708; x_wconf 9' lang='lat' dir='ltr'>videri*</span> <span class='ocrx_word' id='word_1_81' title='bbox 451 1625 598 1720; x_wconf 84' lang='lat' dir='ltr'>volunt,</span> <span class='ocrx_word' id='word_1_82' title='bbox 636 1632 674 1706; x_wconf 75' lang='grc' dir='ltr'>δι</span> <span class='ocrx_word' id='word_1_83' title='bbox 702 1626 825 1734; x_wconf 70' lang='lat' dir='ltr'>stult,-</span> <span class='ocrx_word' id='word_1_84' title='bbox 860 1619 1085 1710; x_wconf 83' lang='lat' dir='ltr'>exercitatio·</span> 
     </span>
     <span class='ocr_line' id='line_1_14' title="bbox 1 1736 1097 1846; baseline 0.005 -36"><span class='ocrx_word' id='word_1_85' title='bbox 1 1751 2 1810; x_wconf 60' lang='grc' dir='ltr'><em>ᾳ</em></span> <span class='ocrx_word' id='word_1_86' title='bbox 116 1757 210 1814; x_wconf 87' lang='lat' dir='ltr'>nem</span> <span class='ocrx_word' id='word_1_87' title='bbox 225 1736 331 1832; x_wconf 78' lang='lat' dir='ltr'>hauc,</span> <span class='ocrx_word' id='word_1_88' title='bbox 344 1760 523 1842; x_wconf 86' lang='lat' dir='ltr'>tanquam</span> <span class='ocrx_word' id='word_1_89' title='bbox 545 1736 611 1819; x_wconf 86' lang='lat' dir='ltr'>stbi</span> <span class='ocrx_word' id='word_1_90' title='bbox 622 1737 829 1832; x_wconf 86' lang='lat' dir='ltr'>inimicam,</span> <span class='ocrx_word' id='word_1_91' title='bbox 844 1743 903 1820; x_wconf 87' lang='lat' dir='ltr'>vel</span> <span class='ocrx_word' id='word_1_92' title='bbox 927 1743 1097 1846; x_wconf 82' lang='lat' dir='ltr'>maligni-</span> 
     </span>
     <span class='ocr_line' id='line_1_15' title="bbox 1 1848 1086 1956; baseline 0.012 -31"><span class='ocrx_word' id='word_1_93' title='bbox 1 1875 2 1878; x_wconf 41' lang='lat'>*</span> <span class='ocrx_word' id='word_1_94' title='bbox 115 1849 293 1943; x_wconf 81' lang='lat' dir='ltr'>oderunt,</span> <span class='ocrx_word' id='word_1_95' title='bbox 318 1853 380 1930; x_wconf 90' lang='lat' dir='ltr'>vel</span> <span class='ocrx_word' id='word_1_96' title='bbox 402 1849 553 1930; x_wconf 90' lang='lat' dir='ltr'>summo</span> <span class='ocrx_word' id='word_1_97' title='bbox 579 1873 667 1932; x_wconf 87' lang='lat' dir='ltr'>cum</span> <span class='ocrx_word' id='word_1_98' title='bbox 686 1848 877 1956; x_wconf 84' lang='lat' dir='ltr'>supercilio</span> <span class='ocrx_word' id='word_1_99' title='bbox 896 1850 1086 1955; x_wconf 59' lang='lat' dir='ltr'>aspernare.</span> 
     </span>
     <span class='ocr_line' id='line_1_16' title="bbox 115 1953 1086 2060; baseline 0.002 -24"><span class='ocrx_word' id='word_1_100' title='bbox 115 1977 189 2036; x_wconf 81' lang='lat' dir='ltr'>rur.</span> <span class='ocrx_word' id='word_1_101' title='bbox 247 1953 446 2036; x_wconf 81' lang='lat' dir='ltr'>Damnum</span> <span class='ocrx_word' id='word_1_102' title='bbox 477 1962 600 2058; x_wconf 86' lang='lat' dir='ltr'>itaque</span> <span class='ocrx_word' id='word_1_103' title='bbox 618 1963 724 2056; x_wconf 89' lang='lat' dir='ltr'>quod</span> <span class='ocrx_word' id='word_1_104' title='bbox 738 1963 933 2060; x_wconf 69' lang='lat' dir='ltr'>ignoranta</span> <span class='ocrx_word' id='word_1_105' title='bbox 959 1967 998 2038; x_wconf 82' lang='lat' dir='ltr'>dt</span> <span class='ocrx_word' id='word_1_106' title='bbox 1021 1985 1086 2040; x_wconf 78' lang='lat' dir='ltr'>vo</span> 
     </span>
     <span class='ocr_line' id='line_1_17' title="bbox 110 2067 1087 2170; baseline 0.005 -24"><span class='ocrx_word' id='word_1_107' title='bbox 110 2069 301 2170; x_wconf 86' lang='lat' dir='ltr'>luptatem</span> <span class='ocrx_word' id='word_1_108' title='bbox 324 2085 573 2148; x_wconf 87' lang='lat' dir='ltr'>contemnunt</span> <span class='ocrx_word' id='word_1_109' title='bbox 603 2067 728 2162; x_wconf 83' lang='lat' dir='ltr'>illam,</span> <span class='ocrx_word' id='word_1_110' title='bbox 765 2091 880 2170; x_wconf 83' lang='lat' dir='ltr'>quam</span> <span class='ocrx_word' id='word_1_111' title='bbox 898 2089 1087 2170; x_wconf 90' lang='lat' dir='ltr'>nequeunt</span> 
     </span>
     <span class='ocr_line' id='line_1_18' title="bbox 111 2175 329 2288; baseline 0 -29"><span class='ocrx_word' id='word_1_112' title='bbox 111 2175 329 2288; x_wconf 81' lang='lat' dir='ltr'>persentire.</span> 
     </span>
    </p>
   </div>
   <div class='ocr_carea' id='block_1_3' title="bbox 17 2395 1195 3729">
    <p class='ocr_par' dir='ltr' id='par_1_3' title="bbox 17 2395 1195 3729">
     <span class='ocr_line' id='line_1_19' title="bbox 171 2395 1085 2508; baseline 0.009 -30"><span class='ocrx_word' id='word_1_113' title='bbox 171 2401 289 2508; x_wconf 85' lang='lat' dir='ltr'>Quod</span> <span class='ocrx_word' id='word_1_114' title='bbox 323 2397 350 2478; x_wconf 84' lang='lat' dir='ltr'>st</span> <span class='ocrx_word' id='word_1_115' title='bbox 380 2395 564 2508; x_wconf 79' lang='lat' dir='ltr'>vetustati</span> <span class='ocrx_word' id='word_1_116' title='bbox 586 2401 715 2484; x_wconf 88' lang='lat' dir='ltr'>saltem</span> <span class='ocrx_word' id='word_1_117' title='bbox 751 2404 956 2508; x_wconf 82' lang='lat' dir='ltr'>quidquam</span> <span class='ocrx_word' id='word_1_118' title='bbox 984 2405 1085 2486; x_wconf 85' lang='lat' dir='ltr'>defe-</span> 
     </span>
     <span class='ocr_line' id='line_1_20' title="bbox 112 2513 1195 2620; baseline 0.003 -28"><span class='ocrx_word' id='word_1_119' title='bbox 112 2533 212 2605; x_wconf 85' lang='lat' dir='ltr'>runt,</span> <span class='ocrx_word' id='word_1_120' title='bbox 257 2535 332 2616; x_wconf 80' lang='lat' dir='ltr'>qua</span> <span class='ocrx_word' id='word_1_121' title='bbox 356 2513 450 2592; x_wconf 91' lang='lat' dir='ltr'>nihil</span> <span class='ocrx_word' id='word_1_122' title='bbox 482 2513 636 2596; x_wconf 74' lang='lat' dir='ltr'>sanetius</span> <span class='ocrx_word' id='word_1_123' title='bbox 657 2513 752 2620; x_wconf 84' lang='lat' dir='ltr'>apud</span> <span class='ocrx_word' id='word_1_124' title='bbox 778 2516 984 2612; x_wconf 85' lang='lat' dir='ltr'>illiusmodi</span> <span class='ocrx_word' id='word_1_125' title='bbox 1015 2517 1082 2596; x_wconf 79' lang='lat' dir='ltr'>ho</span> <span class='ocrx_word' id='word_1_126' title='bbox 1191 2569 1195 2584; x_wconf 69' lang='lat'><em>·</em></span> 
     </span>
     <span class='ocr_line' id='line_1_21' title="bbox 73 2621 1083 2729; baseline 0.007 -30"><span class='ocrx_word' id='word_1_127' title='bbox 73 2645 76 2651; x_wconf 46' lang='lat'><em>¹</em></span> <span class='ocrx_word' id='word_1_128' title='bbox 115 2624 248 2702; x_wconf 85' lang='lat' dir='ltr'>mines·</span> <span class='ocrx_word' id='word_1_129' title='bbox 277 2621 349 2703; x_wconf 83' lang='lat' dir='ltr'>effe</span> <span class='ocrx_word' id='word_1_130' title='bbox 377 2626 498 2717; x_wconf 89' lang='lat' dir='ltr'>solet,</span> <span class='ocrx_word' id='word_1_131' title='bbox 539 2626 605 2726; x_wconf 88' lang='lat' dir='ltr'>qui</span> <span class='ocrx_word' id='word_1_132' title='bbox 642 2649 691 2706; x_wconf 82' lang='lat' dir='ltr'>oo</span> <span class='ocrx_word' id='word_1_133' title='bbox 720 2626 905 2706; x_wconf 84' lang='lat' dir='ltr'>honestius</span> <span class='ocrx_word' id='word_1_134' title='bbox 936 2630 1083 2729; x_wconf 85' lang='lat' dir='ltr'>quidvis</span> 
     </span>
     <span class='ocr_line' id='line_1_22' title="bbox 113 2733 1084 2840; baseline 0.004 -28"><span class='ocrx_word' id='word_1_135' title='bbox 113 2733 321 2814; x_wconf 75' lang='lat' dir='ltr'>existimant</span> <span class='ocrx_word' id='word_1_136' title='bbox 346 2753 431 2835; x_wconf 86' lang='lat' dir='ltr'>quo·</span> <span class='ocrx_word' id='word_1_137' title='bbox 460 2737 665 2834; x_wconf 68' lang='lat' dir='ltr'>antiquiora</span> <span class='ocrx_word' id='word_1_138' title='bbox 707 2734 840 2818; x_wconf 86' lang='lat' dir='ltr'>Artem</span> <span class='ocrx_word' id='word_1_139' title='bbox 862 2763 978 2840; x_wconf 88' lang='lat' dir='ltr'>quam</span> <span class='ocrx_word' id='word_1_140' title='bbox 1008 2741 1084 2816; x_wconf 82' lang='lat' dir='ltr'>lau-</span> 
     </span>
     <span class='ocr_line' id='line_1_23' title="bbox 115 2843 1084 2950; baseline 0.004 -26"><span class='ocrx_word' id='word_1_141' title='bbox 115 2843 248 2924; x_wconf 86' lang='lat' dir='ltr'>damus</span> <span class='ocrx_word' id='word_1_142' title='bbox 276 2851 390 2926; x_wconf 85' lang='lat' dir='ltr'>etiam</span> <span class='ocrx_word' id='word_1_143' title='bbox 416 2845 490 2926; x_wconf 84' lang='lat' dir='ltr'>hoc</span> <span class='ocrx_word' id='word_1_144' title='bbox 507 2847 667 2924; x_wconf 90' lang='lat' dir='ltr'>nomine</span> <span class='ocrx_word' id='word_1_145' title='bbox 687 2846 865 2924; x_wconf 88' lang='lat' dir='ltr'>illustrem</span> <span class='ocrx_word' id='word_1_146' title='bbox 896 2850 935 2924; x_wconf 91' lang='lat' dir='ltr'>in</span> <span class='ocrx_word' id='word_1_147' title='bbox 954 2849 1084 2950; x_wconf 85' lang='lat' dir='ltr'>primis</span> 
     </span>
     <span class='ocr_line' id='line_1_24' title="bbox 109 2951 1087 3066; baseline 0.002 -30"><span class='ocrx_word' id='word_1_148' title='bbox 109 2953 287 3066; x_wconf 70' lang='lat' dir='ltr'>constare,</span> <span class='ocrx_word' id='word_1_149' title='bbox 316 2956 497 3038; x_wconf 86' lang='lat' dir='ltr'>fateantur</span> <span class='ocrx_word' id='word_1_150' title='bbox 527 2953 668 3037; x_wconf 86' lang='lat' dir='ltr'>necesse</span> <span class='ocrx_word' id='word_1_151' title='bbox 694 2955 779 3036; x_wconf 87' lang='lat' dir='ltr'>est.·</span> <span class='ocrx_word' id='word_1_152' title='bbox 812 2951 922 3037; x_wconf 90' lang='lat' dir='ltr'>Nam</span> <span class='ocrx_word' id='word_1_153' title='bbox 946 2977 1087 3063; x_wconf 74' lang='lat' dir='ltr'>prater·</span> 
     </span>
     <span class='ocr_line' id='line_1_25' title="bbox 109 3063 1083 3174; baseline 0.006 -30"><span class='ocrx_word' id='word_1_154' title='bbox 109 3086 227 3168; x_wconf 87' lang='lat' dir='ltr'>quam</span> <span class='ocrx_word' id='word_1_155' title='bbox 252 3070 357 3168; x_wconf 91' lang='lat' dir='ltr'>quod</span> <span class='ocrx_word' id='word_1_156' title='bbox 385 3063 542 3148; x_wconf 92' lang='lat' dir='ltr'>Mundo</span> <span class='ocrx_word' id='word_1_157' title='bbox 570 3065 634 3174; x_wconf 85' lang='lat' dir='ltr'>ipst</span> <span class='ocrx_word' id='word_1_158' title='bbox 669 3091 789 3160; x_wconf 76' lang='lat' dir='ltr'>convo</span> <span class='ocrx_word' id='word_1_159' title='bbox 814 3063 857 3146; x_wconf 87' lang='lat' dir='ltr'>fit</span> <span class='ocrx_word' id='word_1_160' title='bbox 882 3063 1018 3166; x_wconf 84' lang='lat' dir='ltr'>Poesrs,</span> <span class='ocrx_word' id='word_1_161' title='bbox 1043 3075 1083 3150; x_wconf 78' lang='lat' dir='ltr'>dt</span> 
     </span>
     <span class='ocr_line' id='line_1_26' title="bbox 112 3172 1082 3275; baseline 0.006 -19"><span class='ocrx_word' id='word_1_162' title='bbox 112 3199 194 3256; x_wconf 93' lang='lat' dir='ltr'>non</span> <span class='ocrx_word' id='word_1_163' title='bbox 220 3172 264 3256; x_wconf 88' lang='lat' dir='ltr'>stt</span> <span class='ocrx_word' id='word_1_164' title='bbox 288 3179 391 3260; x_wconf 86' lang='lat' dir='ltr'>nefas</span> <span class='ocrx_word' id='word_1_165' title='bbox 420 3183 542 3260; x_wconf 88' lang='lat' dir='ltr'>dicere</span> <span class='ocrx_word' id='word_1_166' title='bbox 559 3180 617 3260; x_wconf 93' lang='lat' dir='ltr'>vel</span> <span class='ocrx_word' id='word_1_167' title='bbox 644 3175 833 3259; x_wconf 89' lang='lat' dir='ltr'>summum</span> <span class='ocrx_word' id='word_1_168' title='bbox 851 3173 1025 3275; x_wconf 88' lang='lat' dir='ltr'>Numen,</span> <span class='ocrx_word' id='word_1_169' title='bbox 1040 3183 1082 3262; x_wconf 90' lang='lat' dir='ltr'>in</span> 
     </span>
     <span class='ocr_line' id='line_1_27' title="bbox 109 3286 1084 3394; baseline 0.004 -30"><span class='ocrx_word' id='word_1_170' title='bbox 109 3286 362 3391; x_wconf 85' lang='lat' dir='ltr'>pulcherrimo</span> <span class='ocrx_word' id='word_1_171' title='bbox 396 3291 546 3386; x_wconf 83' lang='lat' dir='ltr'>hujusce</span> <span class='ocrx_word' id='word_1_172' title='bbox 574 3288 764 3372; x_wconf 78' lang='lat' dir='ltr'>Universt</span> <span class='ocrx_word' id='word_1_173' title='bbox 787 3311 960 3394; x_wconf 83' lang='lat' dir='ltr'>poemate</span> <span class='ocrx_word' id='word_1_174' title='bbox 993 3316 1084 3373; x_wconf 87' lang='lat' dir='ltr'>con-</span> 
     </span>
     <span class='ocr_line' id='line_1_28' title="bbox 17 3396 1083 3498; baseline 0.007 -22"><span class='ocrx_word' id='word_1_175' title='bbox 17 3447 20 3476; x_wconf 81' lang='lat'><em>.</em></span> <span class='ocrx_word' id='word_1_176' title='bbox 109 3402 287 3494; x_wconf 80' lang='lat' dir='ltr'>texendo,</span> <span class='ocrx_word' id='word_1_177' title='bbox 317 3409 356 3482; x_wconf 82' lang='lat' dir='ltr'>dt</span> <span class='ocrx_word' id='word_1_178' title='bbox 386 3403 615 3494; x_wconf 82' lang='lat' dir='ltr'>exornando,</span> <span class='ocrx_word' id='word_1_179' title='bbox 637 3396 798 3498; x_wconf 80' lang='lat' dir='ltr'>Portam</span> <span class='ocrx_word' id='word_1_180' title='bbox 831 3426 912 3482; x_wconf 90' lang='lat' dir='ltr'>non</span> <span class='ocrx_word' id='word_1_181' title='bbox 956 3405 1083 3484; x_wconf 89' lang='lat' dir='ltr'>minus</span> 
     </span>
     <span class='ocr_line' id='line_1_29' title="bbox 113 3508 1085 3614; baseline 0 -25"><span class='ocrx_word' id='word_1_182' title='bbox 113 3508 360 3614; x_wconf 84' lang='lat' dir='ltr'>egiffe,quam</span> <span class='ocrx_word' id='word_1_183' title='bbox 373 3510 644 3602; x_wconf 77' lang='lat' dir='ltr'>Geometram3</span> <span class='ocrx_word' id='word_1_184' title='bbox 671 3512 1009 3609; x_wconf 79' lang='lat' dir='ltr'>*satisnotumest,</span> <span class='ocrx_word' id='word_1_185' title='bbox 1043 3514 1085 3589; x_wconf 89' lang='lat' dir='ltr'>li·</span> 
     </span>
     <span class='ocr_line' id='line_1_30' title="bbox 113 3617 1083 3729; baseline 0.001 -25"><span class='ocrx_word' id='word_1_186' title='bbox 113 3621 199 3704; x_wconf 80' lang='lat' dir='ltr'>bros</span> <span class='ocrx_word' id='word_1_187' title='bbox 225 3623 465 3706; x_wconf 85' lang='lat' dir='ltr'>diuturnitate</span> <span class='ocrx_word' id='word_1_188' title='bbox 494 3626 670 3729; x_wconf 83' lang='lat' dir='ltr'>temporis</span> <span class='ocrx_word' id='word_1_189' title='bbox 716 3617 975 3704; x_wconf 82' lang='lat' dir='ltr'>ucratiffimos</span> <span class='ocrx_word' id='word_1_190' title='bbox 1017 3647 1083 3706; x_wconf 90' lang='lat' dir='ltr'>eos</span> 
     </span>
    </p>
   </div>
   <div class='ocr_carea' id='block_1_4' title="bbox 234 3833 1093 4048">
    <p class='ocr_par' dir='ltr' id='par_1_4' title="bbox 234 3833 1093 4048">
     <span class='ocr_line' id='line_1_31' title="bbox 234 3833 958 3928; baseline -0.014 -27"><span class='ocrx_word' id='word_1_191' title='bbox 234 3841 255 3888; x_wconf 51' lang='grc' dir='ltr'>’ἢ</span> <span class='ocrx_word' id='word_1_192' title='bbox 272 3839 455 3928; x_wconf 72' lang='lat' dir='ltr'>Vulgmtnest</span> <span class='ocrx_word' id='word_1_193' title='bbox 473 3843 580 3900; x_wconf 68' lang='lat' dir='ltr'>Diuum</span> <span class='ocrx_word' id='word_1_194' title='bbox 592 3840 664 3918; x_wconf 60' lang='lat' dir='ltr'>[llud.</span> <span class='ocrx_word' id='word_1_195' title='bbox 682 3841 714 3902; x_wconf 86' lang='lat'>&#39;0</span> <span class='ocrx_word' id='word_1_196' title='bbox 728 3833 789 3914; x_wconf 62' lang='lat' dir='ltr'>er</span> <span class='ocrx_word' id='word_1_197' title='bbox 812 3837 958 3920; x_wconf 64' lang='grc' dir='ltr'>γινμπςεῗ.</span> 
     </span>
     <span class='ocr_line' id='line_1_32' title="bbox 327 3940 1093 4048; baseline -0.012 -11"><span class='ocrx_word' id='word_1_198' title='bbox 327 3949 331 3954; x_wconf 62' lang='grc'><strong>’</strong></span> <span class='ocrx_word' id='word_1_199' title='bbox 528 3951 567 4034; x_wconf 89' lang='lat' dir='ltr'>A</span> <span class='ocrx_word' id='word_1_200' title='bbox 602 3983 621 4048; x_wconf 69' lang='lat'><em>3</em></span> <span class='ocrx_word' id='word_1_201' title='bbox 952 3940 972 3950; x_wconf 8' lang='grc' dir='ltr'>’ἵ</span> <span class='ocrx_word' id='word_1_202' title='bbox 1007 3947 1093 4044; x_wconf 80' lang='lat' dir='ltr'>effe,¹</span> 
     </span>
    </p>
   </div>
   <div class='ocr_carea' id='block_1_5' title="bbox 0 0 1372 4482">
    <p class='ocr_par' dir='ltr' id='par_1_5' title="bbox 0 0 1372 4482">
     <span class='ocr_line' id='line_1_33' title="bbox 0 0 1372 4482; baseline 0 0"><span class='ocrx_word' id='word_1_203' title='bbox 0 0 1372 4482; x_wconf 95' lang='lat' dir='ltr'> </span> 
     </span>
    </p>
   </div>
  </div>
 </body>
</html>
