<?xml version="1.0" encoding="UTF-8"?>
<!DOCTYPE html PUBLIC "-//W3C//DTD XHTML 1.0 Transitional//EN"
    "http://www.w3.org/TR/xhtml1/DTD/xhtml1-transitional.dtd">
<html xmlns="http://www.w3.org/1999/xhtml" xml:lang="en" lang="en">
 <head>
  <title>
</title>
<meta http-equiv="Content-Type" content="text/html;charset=utf-8" />
  <meta name='ocr-system' content='tesseract 3.04.00' />
  <meta name='ocr-capabilities' content='ocr_page ocr_carea ocr_par ocr_line ocrx_word'/>
</head>
<body>
  <div class='ocr_page' id='page_1' title='image "./prlectionespoet00trapgoog_0395.png"; bbox 0 0 2752 4476; ppageno 0'>
   <div class='ocr_carea' id='block_1_1' title="bbox 359 184 1134 361">
    <p class='ocr_par' dir='ltr' id='par_1_1' title="bbox 359 184 1134 361">
     <span class='ocr_line' id='line_1_1' title="bbox 359 184 1134 361; baseline 0 -38"><span class='ocrx_word' id='word_1_1' title='bbox 359 184 363 194; x_wconf 25' lang='grc' dir='ltr'><em>Ι</em></span> <span class='ocrx_word' id='word_1_2' title='bbox 477 218 556 324; x_wconf 87' lang='lat' dir='ltr'>De</span> <span class='ocrx_word' id='word_1_3' title='bbox 590 213 836 352; x_wconf 57' lang='lat' dir='ltr'>Tragoedia.</span> <span class='ocrx_word' id='word_1_4' title='bbox 1038 265 1060 360; x_wconf 83' lang='lat'><em>3</em></span> <span class='ocrx_word' id='word_1_5' title='bbox 1074 267 1134 361; x_wconf 87' lang='lat'>57</span> 
     </span>
    </p>
   </div>
   <div class='ocr_carea' id='block_1_2' title="bbox 157 380 1227 2145">
    <p class='ocr_par' dir='ltr' id='par_1_2' title="bbox 157 380 1227 2145">
     <span class='ocr_line' id='line_1_2' title="bbox 165 380 1137 490; baseline -0.013 -22"><span class='ocrx_word' id='word_1_6' title='bbox 165 390 257 486; x_wconf 83' lang='lat' dir='ltr'>inde</span> <span class='ocrx_word' id='word_1_7' title='bbox 268 391 316 470; x_wconf 85' lang='lat' dir='ltr'>de</span> <span class='ocrx_word' id='word_1_8' title='bbox 333 385 419 466; x_wconf 86' lang='lat' dir='ltr'>aliis.</span> <span class='ocrx_word' id='word_1_9' title='bbox 474 380 532 474; x_wconf 84' lang='lat' dir='ltr'>Ex</span> <span class='ocrx_word' id='word_1_10' title='bbox 547 380 750 480; x_wconf 74' lang='lat' dir='ltr'>Affeitibus</span> <span class='ocrx_word' id='word_1_11' title='bbox 768 385 880 488; x_wconf 82' lang='lat' dir='ltr'>igitur</span> <span class='ocrx_word' id='word_1_12' title='bbox 889 386 1041 488; x_wconf 79' lang='lat' dir='ltr'>quidam</span> <span class='ocrx_word' id='word_1_13' title='bbox 1055 396 1137 490; x_wconf 63' lang='lat' dir='ltr'>pur.</span> 
     </span>
     <span class='ocr_line' id='line_1_3' title="bbox 159 490 1134 606; baseline 0.001 -26"><span class='ocrx_word' id='word_1_14' title='bbox 159 522 296 602; x_wconf 87' lang='lat' dir='ltr'>gantur</span> <span class='ocrx_word' id='word_1_15' title='bbox 312 525 375 606; x_wconf 89' lang='lat' dir='ltr'>pet</span> <span class='ocrx_word' id='word_1_16' title='bbox 395 495 539 598; x_wconf 88' lang='lat' dir='ltr'>seipsos,</span> <span class='ocrx_word' id='word_1_17' title='bbox 573 490 715 584; x_wconf 83' lang='lat' dir='ltr'>Terror</span> <span class='ocrx_word' id='word_1_18' title='bbox 730 495 876 586; x_wconf 87' lang='lat' dir='ltr'>scilicet,</span> <span class='ocrx_word' id='word_1_19' title='bbox 915 521 957 577; x_wconf 90' lang='lat' dir='ltr'>ac</span> <span class='ocrx_word' id='word_1_20' title='bbox 987 493 1134 588; x_wconf 67' lang='lat' dir='ltr'>Miseri,-</span> 
     </span>
     <span class='ocr_line' id='line_1_4' title="bbox 161 605 1227 717; baseline 0.002 -27"><span class='ocrx_word' id='word_1_21' title='bbox 161 615 306 698; x_wconf 88' lang='lat' dir='ltr'>cordia:</span> <span class='ocrx_word' id='word_1_22' title='bbox 336 607 473 688; x_wconf 84' lang='lat' dir='ltr'>Caeteri</span> <span class='ocrx_word' id='word_1_23' title='bbox 484 629 547 711; x_wconf 88' lang='lat' dir='ltr'>pet</span> <span class='ocrx_word' id='word_1_24' title='bbox 559 609 651 687; x_wconf 90' lang='lat' dir='ltr'>duos</span> <span class='ocrx_word' id='word_1_25' title='bbox 659 605 743 684; x_wconf 82' lang='lat' dir='ltr'>illos</span> <span class='ocrx_word' id='word_1_26' title='bbox 753 631 846 717; x_wconf 85' lang='lat' dir='ltr'>quos</span> <span class='ocrx_word' id='word_1_27' title='bbox 864 611 938 702; x_wconf 78' lang='lat' dir='ltr'>iam</span> <span class='ocrx_word' id='word_1_28' title='bbox 961 612 1130 692; x_wconf 88' lang='lat' dir='ltr'>nomina·</span> <span class='ocrx_word' id='word_1_29' title='bbox 1223 612 1227 617; x_wconf 73' lang='grc'><strong><em>’</em></strong></span> 
     </span>
     <span class='ocr_line' id='line_1_5' title="bbox 162 713 1133 825; baseline -0.002 -24"><span class='ocrx_word' id='word_1_30' title='bbox 162 725 293 801; x_wconf 86' lang='lat' dir='ltr'><strong>vimus.</strong></span> <span class='ocrx_word' id='word_1_31' title='bbox 348 715 500 808; x_wconf 85' lang='lat' dir='ltr'>Tertor,</span> <span class='ocrx_word' id='word_1_32' title='bbox 526 718 724 818; x_wconf 83' lang='lat' dir='ltr'>inquimus,</span> <span class='ocrx_word' id='word_1_33' title='bbox 740 722 778 805; x_wconf 71' lang='grc' dir='ltr'>ὃς</span> <span class='ocrx_word' id='word_1_34' title='bbox 793 713 1057 814; x_wconf 76' lang='lat' dir='ltr'>Misericordia,</span> <span class='ocrx_word' id='word_1_35' title='bbox 1068 745 1133 825; x_wconf 86' lang='lat' dir='ltr'>pet</span> 
     </span>
     <span class='ocr_line' id='line_1_6' title="bbox 163 825 1130 936; baseline 0.003 -27"><span class='ocrx_word' id='word_1_36' title='bbox 163 830 314 936; x_wconf 84' lang='lat' dir='ltr'>seipsos:</span> <span class='ocrx_word' id='word_1_37' title='bbox 343 830 441 936; x_wconf 76' lang='lat' dir='ltr'>Quia</span> <span class='ocrx_word' id='word_1_38' title='bbox 455 825 746 932; x_wconf 81' lang='lat' dir='ltr'>chtaesentatio</span> <span class='ocrx_word' id='word_1_39' title='bbox 760 831 957 908; x_wconf 78' lang='lat' dir='ltr'>dramatico</span> <span class='ocrx_word' id='word_1_40' title='bbox 981 833 1130 912; x_wconf 86' lang='lat' dir='ltr'>resltot·</span> 
     </span>
     <span class='ocr_line' id='line_1_7' title="bbox 163 937 1130 1052; baseline -0.003 -28"><span class='ocrx_word' id='word_1_41' title='bbox 163 944 295 1024; x_wconf 89' lang='lat' dir='ltr'>tendas</span> <span class='ocrx_word' id='word_1_42' title='bbox 307 959 415 1040; x_wconf 83' lang='lat' dir='ltr'>atque</span> <span class='ocrx_word' id='word_1_43' title='bbox 426 937 646 1018; x_wconf 86' lang='lat' dir='ltr'>miserabiles</span> <span class='ocrx_word' id='word_1_44' title='bbox 658 937 837 1034; x_wconf 76' lang='lat' dir='ltr'>affuefacit</span> <span class='ocrx_word' id='word_1_45' title='bbox 849 942 983 1030; x_wconf 73' lang='lat' dir='ltr'>nobis3</span> <span class='ocrx_word' id='word_1_46' title='bbox 1010 967 1130 1052; x_wconf 83' lang='lat' dir='ltr'>acuo-</span> 
     </span>
     <span class='ocr_line' id='line_1_8' title="bbox 162 1047 1129 1149; baseline 0.004 -19"><span class='ocrx_word' id='word_1_47' title='bbox 162 1073 218 1134; x_wconf 87' lang='lat' dir='ltr'>tas</span> <span class='ocrx_word' id='word_1_48' title='bbox 239 1055 277 1128; x_wconf 91' lang='lat'>&amp;</span> <span class='ocrx_word' id='word_1_49' title='bbox 299 1049 505 1144; x_wconf 81' lang='lat' dir='ltr'>familiares,</span> <span class='ocrx_word' id='word_1_50' title='bbox 529 1053 694 1149; x_wconf 86' lang='lat' dir='ltr'>adeoque</span> <span class='ocrx_word' id='word_1_51' title='bbox 719 1050 841 1128; x_wconf 89' lang='lat' dir='ltr'>minus</span> <span class='ocrx_word' id='word_1_52' title='bbox 872 1047 1069 1134; x_wconf 84' lang='lat' dir='ltr'>horrendas</span> <span class='ocrx_word' id='word_1_53' title='bbox 1090 1060 1129 1134; x_wconf 80' lang='lat' dir='ltr'>dc</span> 
     </span>
     <span class='ocr_line' id='line_1_9' title="bbox 162 1156 1129 1270; baseline 0 -26"><span class='ocrx_word' id='word_1_54' title='bbox 162 1157 395 1256; x_wconf 82' lang='lat' dir='ltr'>miserabiles,</span> <span class='ocrx_word' id='word_1_55' title='bbox 423 1164 553 1241; x_wconf 84' lang='lat' dir='ltr'>reddit.</span> <span class='ocrx_word' id='word_1_56' title='bbox 605 1169 630 1204; x_wconf 86' lang='lat'><strong>“</strong></span> <span class='ocrx_word' id='word_1_57' title='bbox 649 1156 722 1239; x_wconf 89' lang='lat' dir='ltr'>Per</span> <span class='ocrx_word' id='word_1_58' title='bbox 736 1159 813 1240; x_wconf 86' lang='lat' dir='ltr'>haec</span> <span class='ocrx_word' id='word_1_59' title='bbox 831 1158 973 1260; x_wconf 89' lang='lat' dir='ltr'>(inquit</span> <span class='ocrx_word' id='word_1_60' title='bbox 988 1167 1014 1220; x_wconf 90' lang='lat'><em>*</em></span> <span class='ocrx_word' id='word_1_61' title='bbox 1041 1161 1129 1270; x_wconf 87' lang='lat' dir='ltr'>Vos·</span> 
     </span>
     <span class='ocr_line' id='line_1_10' title="bbox 159 1265 1129 1380; baseline 0.007 -32"><span class='ocrx_word' id='word_1_62' title='bbox 159 1277 185 1327; x_wconf 84' lang='lat'>·“</span> <span class='ocrx_word' id='word_1_63' title='bbox 200 1265 303 1374; x_wconf 80' lang='lat' dir='ltr'>stus)</span> <span class='ocrx_word' id='word_1_64' title='bbox 328 1272 476 1353; x_wconf 64' lang='lat' dir='ltr'>‚dieitur</span> <span class='ocrx_word' id='word_1_65' title='bbox 508 1266 712 1374; x_wconf 84' lang='lat' dir='ltr'>Tragoedia</span> <span class='ocrx_word' id='word_1_66' title='bbox 748 1266 924 1380; x_wconf 62' lang='lat' dir='ltr'>ragalim</span> <span class='ocrx_word' id='word_1_67' title='bbox 964 1274 1023 1356; x_wconf 75' lang='lat' dir='ltr'>riu</span> <span class='ocrx_word' id='word_1_68' title='bbox 1059 1284 1129 1355; x_wconf 69' lang='lat' dir='ltr'>cdv</span> 
     </span>
     <span class='ocr_line' id='line_1_11' title="bbox 160 1377 1129 1490; baseline 0.002 -28"><span class='ocrx_word' id='word_1_69' title='bbox 160 1389 187 1425; x_wconf 86' lang='lat'><strong>“</strong></span> <span class='ocrx_word' id='word_1_70' title='bbox 212 1377 361 1474; x_wconf 73' lang='grc' dir='ltr'>τοιέτων.</span> <span class='ocrx_word' id='word_1_71' title='bbox 378 1378 614 1482; x_wconf 58' lang='grc' dir='ltr'>παθημάτων</span> <span class='ocrx_word' id='word_1_72' title='bbox 657 1377 845 1490; x_wconf 55' lang='lat' dir='ltr'>nifiagum</span> <span class='ocrx_word' id='word_1_73' title='bbox 884 1399 1059 1490; x_wconf 72' lang='lat' dir='ltr'>purgare‚&#39;</span> <span class='ocrx_word' id='word_1_74' title='bbox 1083 1409 1129 1464; x_wconf 86' lang='lat' dir='ltr'>ac</span> 
     </span>
     <span class='ocr_line' id='line_1_12' title="bbox 161 1484 1129 1600; baseline 0.004 -30"><span class='ocrx_word' id='word_1_75' title='bbox 161 1499 186 1538; x_wconf 89' lang='lat'><strong>“</strong></span> <span class='ocrx_word' id='word_1_76' title='bbox 212 1487 340 1571; x_wconf 84' lang='lat' dir='ltr'>levare</span> <span class='ocrx_word' id='word_1_77' title='bbox 367 1493 530 1572; x_wconf 82' lang='lat' dir='ltr'>animum</span> <span class='ocrx_word' id='word_1_78' title='bbox 550 1487 597 1570; x_wconf 91' lang='lat' dir='ltr'>ab</span> <span class='ocrx_word' id='word_1_79' title='bbox 628 1484 836 1600; x_wconf 69' lang='lat' dir='ltr'>htq‘usmodi</span> <span class='ocrx_word' id='word_1_80' title='bbox 847 1487 1129 1596; x_wconf 80' lang='lat' dir='ltr'>perturbationi-</span> 
     </span>
     <span class='ocr_line' id='line_1_13' title="bbox 160 1595 1129 1708; baseline 0.001 -26"><span class='ocrx_word' id='word_1_81' title='bbox 160 1609 186 1662; x_wconf 86' lang='lat'>-“</span> <span class='ocrx_word' id='word_1_82' title='bbox 212 1599 290 1682; x_wconf 84' lang='lat' dir='ltr'>bus.</span> <span class='ocrx_word' id='word_1_83' title='bbox 344 1607 464 1708; x_wconf 81' lang='lat' dir='ltr'>Quale</span> <span class='ocrx_word' id='word_1_84' title='bbox 486 1601 650 1702; x_wconf 87' lang='lat' dir='ltr'>estquod</span> <span class='ocrx_word' id='word_1_85' title='bbox 677 1599 742 1699; x_wconf 89' lang='lat' dir='ltr'>(ut</span> <span class='ocrx_word' id='word_1_86' title='bbox 757 1595 911 1708; x_wconf 70' lang='lat' dir='ltr'>unami:</span> <span class='ocrx_word' id='word_1_87' title='bbox 934 1601 1129 1707; x_wconf 89' lang='lat' dir='ltr'>multiplici</span> 
     </span>
     <span class='ocr_line' id='line_1_14' title="bbox 157 1713 1130 1818; baseline 0.004 -27"><span class='ocrx_word' id='word_1_88' title='bbox 157 1715 425 1818; x_wconf 88' lang='lat' dir='ltr'>“purgatione</span> <span class='ocrx_word' id='word_1_89' title='bbox 455 1713 652 1792; x_wconf 74' lang='lat' dir='ltr'>affectuum</span> <span class='ocrx_word' id='word_1_90' title='bbox 684 1717 921 1816; x_wconf 83' lang='lat' dir='ltr'>memorem)</span> <span class='ocrx_word' id='word_1_91' title='bbox 959 1713 1130 1794; x_wconf 89' lang='lat' dir='ltr'>homines</span> 
     </span>
     <span class='ocr_line' id='line_1_15' title="bbox 158 1824 1130 1924; baseline -0.001 -18"><span class='ocrx_word' id='word_1_92' title='bbox 158 1832 182 1870; x_wconf 92' lang='lat'><strong>“</strong></span> <span class='ocrx_word' id='word_1_93' title='bbox 209 1826 380 1906; x_wconf 89' lang='lat' dir='ltr'>videntes</span> <span class='ocrx_word' id='word_1_94' title='bbox 398 1824 559 1916; x_wconf 87' lang='lat' dir='ltr'>adversa,</span> <span class='ocrx_word' id='word_1_95' title='bbox 578 1827 619 1900; x_wconf 93' lang='lat' dir='ltr'>in</span> <span class='ocrx_word' id='word_1_96' title='bbox 630 1849 709 1924; x_wconf 85' lang='lat' dir='ltr'>quae</span> <span class='ocrx_word' id='word_1_97' title='bbox 725 1826 801 1918; x_wconf 79' lang='lat' dir='ltr'>ianr</span> <span class='ocrx_word' id='word_1_98' title='bbox 819 1826 913 1902; x_wconf 89' lang='lat' dir='ltr'>olim</span> <span class='ocrx_word' id='word_1_99' title='bbox 933 1826 1130 1905; x_wconf 87' lang='lat' dir='ltr'>inciderint</span> 
     </span>
     <span class='ocr_line' id='line_1_16' title="bbox 160 1933 1128 2037; baseline 0.006 -28"><span class='ocrx_word' id='word_1_100' title='bbox 160 1941 186 1982; x_wconf 88' lang='lat'><strong>“</strong></span> <span class='ocrx_word' id='word_1_101' title='bbox 213 1956 356 2036; x_wconf 82' lang='lat' dir='ltr'>magnae</span> <span class='ocrx_word' id='word_1_102' title='bbox 374 1937 516 2026; x_wconf 75' lang='lat' dir='ltr'>anima,</span> <span class='ocrx_word' id='word_1_103' title='bbox 542 1935 683 2014; x_wconf 86' lang='lat' dir='ltr'>facilius</span> <span class='ocrx_word' id='word_1_104' title='bbox 696 1933 840 2012; x_wconf 91' lang='lat' dir='ltr'>discunt</span> <span class='ocrx_word' id='word_1_105' title='bbox 861 1933 954 2012; x_wconf 82' lang='lat' dir='ltr'>ferre</span> <span class='ocrx_word' id='word_1_106' title='bbox 980 1936 1128 2037; x_wconf 77' lang='lat' dir='ltr'>prasen-</span> 
     </span>
     <span class='ocr_line' id='line_1_17' title="bbox 158 2037 1128 2145; baseline 0.004 -25"><span class='ocrx_word' id='word_1_107' title='bbox 158 2051 185 2104; x_wconf 53' lang='grc' dir='ltr'>(ἕ</span> <span class='ocrx_word' id='word_1_108' title='bbox 211 2045 272 2122; x_wconf 87' lang='lat' dir='ltr'>tia</span> <span class='ocrx_word' id='word_1_109' title='bbox 329 2039 413 2144; x_wconf 86' lang='lat' dir='ltr'>Qua</span> <span class='ocrx_word' id='word_1_110' title='bbox 441 2047 489 2124; x_wconf 91' lang='lat' dir='ltr'>de</span> <span class='ocrx_word' id='word_1_111' title='bbox 508 2069 546 2122; x_wconf 88' lang='lat' dir='ltr'>re</span> <span class='ocrx_word' id='word_1_112' title='bbox 577 2046 759 2145; x_wconf 79' lang='lat' dir='ltr'>elegantes</span> <span class='ocrx_word' id='word_1_113' title='bbox 776 2037 951 2122; x_wconf 82' lang='lat' dir='ltr'>Timoclis</span> <span class='ocrx_word' id='word_1_114' title='bbox 980 2042 1128 2130; x_wconf 74' lang='lat' dir='ltr'>versicu-</span> 
     </span>
    </p>
   </div>
   <div class='ocr_carea' id='block_1_3' title="bbox 156 2150 1320 2257">
    <p class='ocr_par' dir='ltr' id='par_1_3' title="bbox 156 2150 1320 2257">
     <span class='ocr_line' id='line_1_18' title="bbox 156 2150 1320 2257; baseline 0.009 -30"><span class='ocrx_word' id='word_1_115' title='bbox 156 2161 183 2208; x_wconf 54' lang='grc' dir='ltr'>«ί</span> <span class='ocrx_word' id='word_1_116' title='bbox 208 2155 264 2232; x_wconf 92' lang='lat' dir='ltr'>los</span> <span class='ocrx_word' id='word_1_117' title='bbox 288 2157 408 2255; x_wconf 85' lang='lat' dir='ltr'>legere</span> <span class='ocrx_word' id='word_1_118' title='bbox 422 2154 470 2231; x_wconf 88' lang='lat' dir='ltr'>est</span> <span class='ocrx_word' id='word_1_119' title='bbox 482 2156 576 2257; x_wconf 87' lang='lat' dir='ltr'>apud</span> <span class='ocrx_word' id='word_1_120' title='bbox 591 2150 816 2233; x_wconf 80' lang='lat' dir='ltr'>Athmaeum</span> <span class='ocrx_word' id='word_1_121' title='bbox 830 2157 940 2233; x_wconf 91' lang='lat' dir='ltr'>initio</span> <span class='ocrx_word' id='word_1_122' title='bbox 955 2156 1040 2232; x_wconf 90' lang='lat' dir='ltr'>libri</span> <span class='ocrx_word' id='word_1_123' title='bbox 1052 2157 1125 2234; x_wconf 89' lang='lat' dir='ltr'>sex·</span> <span class='ocrx_word' id='word_1_124' title='bbox 1240 2182 1243 2187; x_wconf 85' lang='lat'><em>·</em></span> <span class='ocrx_word' id='word_1_125' title='bbox 1316 2239 1320 2248; x_wconf 81' lang='grc'>,</span> 
     </span>
    </p>
   </div>
   <div class='ocr_carea' id='block_1_4' title="bbox 148 2259 1209 3704">
    <p class='ocr_par' dir='ltr' id='par_1_4' title="bbox 148 2259 1209 3704">
     <span class='ocr_line' id='line_1_19' title="bbox 153 2259 1129 2368; baseline 0.004 -26"><span class='ocrx_word' id='word_1_126' title='bbox 153 2271 197 2328; x_wconf 62' lang='grc' dir='ltr'>*κ’</span> <span class='ocrx_word' id='word_1_127' title='bbox 219 2265 279 2342; x_wconf 86' lang='lat' dir='ltr'>ti.&#39;&#39;</span> <span class='ocrx_word' id='word_1_128' title='bbox 313 2259 383 2342; x_wconf 83' lang='lat' dir='ltr'>·Et</span> <span class='ocrx_word' id='word_1_129' title='bbox 398 2266 496 2344; x_wconf 89' lang='lat' dir='ltr'>alibi.</span> <span class='ocrx_word' id='word_1_130' title='bbox 533 2261 604 2366; x_wconf 84' lang='lat'>“†</span> <span class='ocrx_word' id='word_1_131' title='bbox 629 2261 861 2368; x_wconf 82' lang='lat' dir='ltr'>Propofitum</span> <span class='ocrx_word' id='word_1_132' title='bbox 888 2263 1054 2368; x_wconf 90' lang='lat' dir='ltr'>Tragicis</span> <span class='ocrx_word' id='word_1_133' title='bbox 1080 2269 1129 2346; x_wconf 88' lang='lat' dir='ltr'>cst</span> 
     </span>
     <span class='ocr_line' id='line_1_20' title="bbox 152 2365 1126 2480; baseline 0.009 -35"><span class='ocrx_word' id='word_1_134' title='bbox 152 2365 191 2445; x_wconf 65' lang='lat' dir='ltr'>&#39;a‘</span> <span class='ocrx_word' id='word_1_135' title='bbox 219 2375 622 2480; x_wconf 58' lang='lat' dir='ltr'>auditotemdnamifioeu</span> <span class='ocrx_word' id='word_1_136' title='bbox 648 2396 690 2454; x_wconf 90' lang='lat' dir='ltr'>ut</span> <span class='ocrx_word' id='word_1_137' title='bbox 705 2379 754 2454; x_wconf 90' lang='lat' dir='ltr'>ait</span> <span class='ocrx_word' id='word_1_138' title='bbox 776 2371 952 2480; x_wconf 73' lang='lat' dir='ltr'>Polybius</span> <span class='ocrx_word' id='word_1_139' title='bbox 962 2379 1026 2456; x_wconf 90' lang='lat' dir='ltr'>lib.</span> <span class='ocrx_word' id='word_1_140' title='bbox 1055 2401 1126 2471; x_wconf 81' lang='lat'>113</span> 
     </span>
     <span class='ocr_line' id='line_1_21' title="bbox 150 2477 1125 2588; baseline 0.006 -28"><span class='ocrx_word' id='word_1_141' title='bbox 150 2477 179 2514; x_wconf 78' lang='lat'>“</span> <span class='ocrx_word' id='word_1_142' title='bbox 207 2485 272 2560; x_wconf 90' lang='lat' dir='ltr'>ubi</span> <span class='ocrx_word' id='word_1_143' title='bbox 286 2487 333 2564; x_wconf 90' lang='lat' dir='ltr'>de</span> <span class='ocrx_word' id='word_1_144' title='bbox 354 2484 496 2562; x_wconf 90' lang='lat' dir='ltr'>diverso</span> <span class='ocrx_word' id='word_1_145' title='bbox 512 2485 671 2563; x_wconf 78' lang='lat' dir='ltr'>historici</span> <span class='ocrx_word' id='word_1_146' title='bbox 695 2492 735 2564; x_wconf 44' lang='lat' dir='ltr'>wdt</span> <span class='ocrx_word' id='word_1_147' title='bbox 749 2489 875 2588; x_wconf 82' lang='lat' dir='ltr'>tragici</span> <span class='ocrx_word' id='word_1_148' title='bbox 892 2487 965 2565; x_wconf 88' lang='lat' dir='ltr'>fine</span> <span class='ocrx_word' id='word_1_149' title='bbox 979 2488 1125 2582; x_wconf 81' lang='lat' dir='ltr'>dilictit,</span> 
     </span>
     <span class='ocr_line' id='line_1_22' title="bbox 152 2579 1124 2698; baseline 0.004 -26"><span class='ocrx_word' id='word_1_150' title='bbox 152 2579 179 2628; x_wconf 88' lang='lat'><strong>“</strong></span> <span class='ocrx_word' id='word_1_151' title='bbox 207 2592 371 2673; x_wconf 81' lang='lat' dir='ltr'>adversus</span> <span class='ocrx_word' id='word_1_152' title='bbox 393 2588 660 2698; x_wconf 76' lang='lat' dir='ltr'>Phylarchum.</span> <span class='ocrx_word' id='word_1_153' title='bbox 726 2591 896 2673; x_wconf 91' lang='lat' dir='ltr'>Percellit</span> <span class='ocrx_word' id='word_1_154' title='bbox 916 2601 1124 2678; x_wconf 87' lang='lat' dir='ltr'>auditorem</span> 
     </span>
     <span class='ocr_line' id='line_1_23' title="bbox 149 2689 1125 2808; baseline 0.006 -28"><span class='ocrx_word' id='word_1_155' title='bbox 149 2689 178 2744; x_wconf 49' lang='grc' dir='ltr'><strong><em>Ὠ</em></strong></span> <span class='ocrx_word' id='word_1_156' title='bbox 204 2701 291 2784; x_wconf 80' lang='lat' dir='ltr'>faui</span> <span class='ocrx_word' id='word_1_157' title='bbox 317 2699 423 2808; x_wconf 73' lang='lat' dir='ltr'>ipsius</span> <span class='ocrx_word' id='word_1_158' title='bbox 441 2707 630 2792; x_wconf 81' lang='lat' dir='ltr'>atrocitas3</span> <span class='ocrx_word' id='word_1_159' title='bbox 658 2707 696 2780; x_wconf 71' lang='grc' dir='ltr'>ὅ(</span> <span class='ocrx_word' id='word_1_160' title='bbox 718 2707 773 2780; x_wconf 86' lang='lat' dir='ltr'>rei</span> <span class='ocrx_word' id='word_1_161' title='bbox 791 2706 1047 2806; x_wconf 87' lang='lat' dir='ltr'>indignitatem</span> <span class='ocrx_word' id='word_1_162' title='bbox 1061 2735 1125 2786; x_wconf 89' lang='lat' dir='ltr'>au-</span> 
     </span>
     <span class='ocr_line' id='line_1_24' title="bbox 154 2809 1122 2920; baseline 0.003 -29"><span class='ocrx_word' id='word_1_163' title='bbox 154 2819 180 2854; x_wconf 89' lang='lat'><strong>“</strong></span> <span class='ocrx_word' id='word_1_164' title='bbox 205 2835 267 2918; x_wconf 87' lang='lat' dir='ltr'>get</span> <span class='ocrx_word' id='word_1_165' title='bbox 290 2815 445 2916; x_wconf 84' lang='lat' dir='ltr'>dignitas</span> <span class='ocrx_word' id='word_1_166' title='bbox 459 2813 708 2917; x_wconf 87' lang='lat' dir='ltr'>personatum.</span> <span class='ocrx_word' id='word_1_167' title='bbox 763 2809 824 2891; x_wconf 88' lang='lat' dir='ltr'>Eo</span> <span class='ocrx_word' id='word_1_168' title='bbox 848 2822 972 2893; x_wconf 85' lang='lat' dir='ltr'>aurem</span> <span class='ocrx_word' id='word_1_169' title='bbox 988 2821 1122 2920; x_wconf 85' lang='lat' dir='ltr'>percel-</span> 
     </span>
     <span class='ocr_line' id='line_1_25' title="bbox 151 2922 1123 3036; baseline 0.004 -32"><span class='ocrx_word' id='word_1_170' title='bbox 151 2929 176 2966; x_wconf 89' lang='lat'><strong>“</strong></span> <span class='ocrx_word' id='word_1_171' title='bbox 204 2928 278 3006; x_wconf 84' lang='lat' dir='ltr'>lere</span> <span class='ocrx_word' id='word_1_172' title='bbox 295 2927 462 3023; x_wconf 76' lang='lat' dir='ltr'>aninum</span> <span class='ocrx_word' id='word_1_173' title='bbox 476 2927 565 3016; x_wconf 91' lang='lat' dir='ltr'>vult,</span> <span class='ocrx_word' id='word_1_174' title='bbox 592 2943 632 3001; x_wconf 95' lang='lat' dir='ltr'>ut</span> <span class='ocrx_word' id='word_1_175' title='bbox 644 2947 733 3002; x_wconf 91' lang='lat' dir='ltr'>eum</span> <span class='ocrx_word' id='word_1_176' title='bbox 752 2923 849 3003; x_wconf 83' lang='lat' dir='ltr'>hisce</span> <span class='ocrx_word' id='word_1_177' title='bbox 867 2922 1053 3036; x_wconf 68' lang='lat' dir='ltr'>affectibus</span> <span class='ocrx_word' id='word_1_178' title='bbox 1064 2954 1123 3008; x_wconf 88' lang='lat' dir='ltr'>ex·</span> 
     </span>
     <span class='ocr_line' id='line_1_26' title="bbox 151 3031 1164 3142; baseline 0.003 -28"><span class='ocrx_word' id='word_1_179' title='bbox 151 3040 177 3077; x_wconf 87' lang='lat'><strong><em>“</em></strong></span> <span class='ocrx_word' id='word_1_180' title='bbox 203 3055 341 3142; x_wconf 87' lang='lat' dir='ltr'>purget.</span> <span class='ocrx_word' id='word_1_181' title='bbox 399 3031 506 3113; x_wconf 87' lang='lat' dir='ltr'>Nam</span> <span class='ocrx_word' id='word_1_182' title='bbox 529 3058 569 3115; x_wconf 91' lang='lat' dir='ltr'>ut</span> <span class='ocrx_word' id='word_1_183' title='bbox 590 3037 695 3112; x_wconf 89' lang='lat' dir='ltr'>miles</span> <span class='ocrx_word' id='word_1_184' title='bbox 718 3055 914 3128; x_wconf 88' lang='lat' dir='ltr'>veteranus,</span> <span class='ocrx_word' id='word_1_185' title='bbox 928 3057 989 3115; x_wconf 90' lang='lat' dir='ltr'>aut</span> <span class='ocrx_word' id='word_1_186' title='bbox 1006 3042 1122 3117; x_wconf 87' lang='lat' dir='ltr'>medi·</span> <span class='ocrx_word' id='word_1_187' title='bbox 1158 3045 1164 3052; x_wconf 85' lang='lat'>&#39;</span> 
     </span>
     <span class='ocr_line' id='line_1_27' title="bbox 152 3143 1121 3247; baseline 0.006 -22"><span class='ocrx_word' id='word_1_188' title='bbox 152 3151 177 3188; x_wconf 89' lang='lat'>“</span> <span class='ocrx_word' id='word_1_189' title='bbox 204 3171 277 3236; x_wconf 87' lang='lat' dir='ltr'>cus,</span> <span class='ocrx_word' id='word_1_190' title='bbox 304 3148 434 3224; x_wconf 81' lang='lat' dir='ltr'>crebro</span> <span class='ocrx_word' id='word_1_191' title='bbox 447 3147 611 3224; x_wconf 89' lang='lat' dir='ltr'>videndo</span> <span class='ocrx_word' id='word_1_192' title='bbox 637 3143 800 3236; x_wconf 86' lang='lat' dir='ltr'>miseros,</span> <span class='ocrx_word' id='word_1_193' title='bbox 820 3145 1054 3247; x_wconf 86' lang='lat' dir='ltr'>consequitur·</span> <span class='ocrx_word' id='word_1_194' title='bbox 1078 3174 1121 3232; x_wconf 92' lang='lat' dir='ltr'>ut</span> 
     </span>
     <span class='ocr_line' id='line_1_28' title="bbox 152 3259 1122 3358; baseline -0.001 -27"><span class='ocrx_word' id='word_1_195' title='bbox 152 3261 177 3296; x_wconf 90' lang='lat'><strong>“</strong></span> <span class='ocrx_word' id='word_1_196' title='bbox 205 3275 283 3332; x_wconf 90' lang='lat' dir='ltr'>non</span> <span class='ocrx_word' id='word_1_197' title='bbox 302 3259 396 3355; x_wconf 89' lang='lat' dir='ltr'>ultra</span> <span class='ocrx_word' id='word_1_198' title='bbox 410 3275 611 3345; x_wconf 80' lang='lat' dir='ltr'>moveatur,</span> <span class='ocrx_word' id='word_1_199' title='bbox 638 3279 750 3355; x_wconf 85' lang='lat' dir='ltr'>quam</span> <span class='ocrx_word' id='word_1_200' title='bbox 773 3278 919 3358; x_wconf 88' lang='lat' dir='ltr'>oportet</span> <span class='ocrx_word' id='word_1_201' title='bbox 940 3291 951 3347; x_wconf 79' lang='lat'>3</span> <span class='ocrx_word' id='word_1_202' title='bbox 979 3266 1028 3334; x_wconf 87' lang='lat' dir='ltr'>ita</span> <span class='ocrx_word' id='word_1_203' title='bbox 1054 3263 1122 3336; x_wconf 87' lang='lat' dir='ltr'>eti.</span> 
     </span>
     <span class='ocr_line' id='line_1_29' title="bbox 151 3357 1123 3467; baseline 0.002 -25"><span class='ocrx_word' id='word_1_204' title='bbox 151 3365 178 3406; x_wconf 92' lang='lat'>“</span> <span class='ocrx_word' id='word_1_205' title='bbox 206 3389 267 3442; x_wconf 86' lang='lat' dir='ltr'>arn</span> <span class='ocrx_word' id='word_1_206' title='bbox 290 3357 329 3440; x_wconf 82' lang='lat' dir='ltr'>in</span> <span class='ocrx_word' id='word_1_207' title='bbox 343 3361 567 3467; x_wconf 81' lang='lat' dir='ltr'>Tragoedia,</span> <span class='ocrx_word' id='word_1_208' title='bbox 594 3363 793 3467; x_wconf 63' lang='lat' dir='ltr'>speciandis</span> <span class='ocrx_word' id='word_1_209' title='bbox 819 3366 1032 3458; x_wconf 87' lang='lat' dir='ltr'>istiusmodi,</span> <span class='ocrx_word' id='word_1_210' title='bbox 1050 3374 1123 3447; x_wconf 88' lang='lat' dir='ltr'>ani.</span> 
     </span>
     <span class='ocr_line' id='line_1_30' title="bbox 148 3471 1121 3581; baseline 0.011 -28"><span class='ocrx_word' id='word_1_211' title='bbox 148 3483 174 3518; x_wconf 88' lang='lat'><strong><em>“</em></strong></span> <span class='ocrx_word' id='word_1_212' title='bbox 244 3473 284 3553; x_wconf 81' lang='lat' dir='ltr'>us</span> <span class='ocrx_word' id='word_1_213' title='bbox 304 3474 409 3566; x_wconf 81' lang='lat' dir='ltr'>discit</span> <span class='ocrx_word' id='word_1_214' title='bbox 424 3473 571 3570; x_wconf 70' lang='lat' dir='ltr'>dffedlus</span> <span class='ocrx_word' id='word_1_215' title='bbox 586 3475 668 3554; x_wconf 89' lang='lat' dir='ltr'>suos</span> <span class='ocrx_word' id='word_1_216' title='bbox 688 3477 727 3551; x_wconf 93' lang='lat' dir='ltr'>in</span> <span class='ocrx_word' id='word_1_217' title='bbox 749 3477 921 3554; x_wconf 89' lang='lat' dir='ltr'>ordinem</span> <span class='ocrx_word' id='word_1_218' title='bbox 945 3471 1121 3581; x_wconf 80' lang='lat' dir='ltr'>redigere.</span> 
     </span>
     <span class='ocr_line' id='line_1_31' title="bbox 148 3497 1209 3704; baseline -0.001 -38"><span class='ocrx_word' id='word_1_219' title='bbox 148 3593 174 3688; x_wconf 74' lang='grc' dir='ltr'>ξξ</span> <span class='ocrx_word' id='word_1_220' title='bbox 202 3497 318 3698; x_wconf 49' lang='lat' dir='ltr'>aude</span> <span class='ocrx_word' id='word_1_221' title='bbox 337 3577 517 3704; x_wconf 72' lang='lat' dir='ltr'>apertum,</span> <span class='ocrx_word' id='word_1_222' title='bbox 544 3593 608 3664; x_wconf 85' lang='lat' dir='ltr'>cur</span> <span class='ocrx_word' id='word_1_223' title='bbox 639 3581 877 3692; x_wconf 70' lang='lat' dir='ltr'>Aristoteles,</span> <span class='ocrx_word' id='word_1_224' title='bbox 898 3611 938 3668; x_wconf 88' lang='lat' dir='ltr'>ur</span> <span class='ocrx_word' id='word_1_225' title='bbox 966 3585 1123 3688; x_wconf 71' lang='lat' dir='ltr'>dilium²</span> <span class='ocrx_word' id='word_1_226' title='bbox 1207 3639 1209 3644; x_wconf 68' lang='lat'><em>,</em></span> 
     </span>
    </p>
   </div>
   <div class='ocr_carea' id='block_1_5' title="bbox 363 3729 894 3838">
    <p class='ocr_par' dir='ltr' id='par_1_5' title="bbox 363 3729 894 3838">
     <span class='ocr_line' id='line_1_32' title="bbox 363 3729 894 3838; baseline -0.004 -2"><span class='ocrx_word' id='word_1_227' title='bbox 363 3729 366 3737; x_wconf 13' lang='grc' dir='ltr'>Α</span> <span class='ocrx_word' id='word_1_228' title='bbox 461 3733 588 3836; x_wconf 52' lang='lat' dir='ltr'>tlu-</span> <span class='ocrx_word' id='word_1_229' title='bbox 669 3761 791 3838; x_wconf 60' lang='grc' dir='ltr'>Μ·</span> <span class='ocrx_word' id='word_1_230' title='bbox 891 3828 894 3834; x_wconf 85' lang='grc'>.</span> 
     </span>
    </p>
   </div>
   <div class='ocr_carea' id='block_1_6' title="bbox 572 3897 1113 4026">
    <p class='ocr_par' dir='ltr' id='par_1_6' title="bbox 572 3897 1113 4026">
     <span class='ocr_line' id='line_1_33' title="bbox 572 3897 1113 4026; baseline 0 0"><span class='ocrx_word' id='word_1_231' title='bbox 572 3907 693 4026; x_wconf 58' lang='lat'>2³·</span> <span class='ocrx_word' id='word_1_232' title='bbox 969 3897 1113 4014; x_wconf 61' lang='lat' dir='ltr'>Tere</span> 
     </span>
    </p>
   </div>
   <div class='ocr_carea' id='block_1_7' title="bbox 0 0 1382 4476">
    <p class='ocr_par' dir='ltr' id='par_1_7' title="bbox 0 0 1382 4476">
     <span class='ocr_line' id='line_1_34' title="bbox 0 0 1382 4476; baseline 0 0"><span class='ocrx_word' id='word_1_233' title='bbox 0 0 1382 4476; x_wconf 95' lang='lat' dir='ltr'> </span> 
     </span>
    </p>
   </div>
  </div>
 </body>
</html>
