2752 4476
359 339 360 344 Ν
435 219 512 322 De
546 217 779 325 Comoedia.
921 342 922 347 Ν
985 243 1083 368 '353'1

122 457 324 568 *l'thcere
339 444 514 540 Cerillae
518 441 732 564 gravitate,¹
760 445 1047 541 Terentiaeatte
1068 501 1087 556 3

125 645 201 742 ejus
223 640 349 738 judicii
365 661 444 741 pars
481 634 653 737 posterior
691 634 773 714 satis
805 637 896 716 cleta
925 638 975 718 est
985 677 999 729 ς
1027 638 1091 717 sed

125 739 296 854 qnaenam
316 751 377 826 illa
399 745 508 824 fuerit
531 742 674 824 Caecr'lii
692 750 848 850 gravitas
870 751 989 848 major
1023 745 1091 827 Te·

127 863 309 952 rentiam,
336 881 415 957 quar
439 852 568 960 &ipsa
588 858 702 934 nimia
727 856 795 934 esse
811 861 967 956 videtur,
994 851 1092 940 diffi-

126 975 196 1054 cile
222 972 272 1048 est
296 968 502 1066 conjectari.
557 962 671 1057 Arte,
715 967 833 1066 inquit
867 970 969 1080 Acro
994 973 1092 1074 apud

129 1075 307 1183 isoffium,
354 1082 378 1158 i.
407 1105 440 1156 e.
477 1078 696 1183 proprietate
731 1071 954 1158 verborum:
992 1085 1092 1162 unde

130 1192 375 1298 principatum
398 1190 492 1291 apud
513 1211 648 1267 omnes
667 1183 798 1266 Poetas
811 1187 945 1267 habete
963 1192 1097 1272 dicitur
1229 1227 1231 1230 ’

135 1296 343 1383 Terentius.
381 1295 454 1376 Sed
465 1317 530 1400 per
545 1318 661 1375 artem
677 1301 797 1400 potius
813 1295 1006 1401 οἰκονομίαν,
1023 1297 1096 1382 stre

129 1411 429 1492 constitutionem
443 1401 602 1498 Fabula,
612 1431 700 1485 cum
709 1403 824 1510 Voffio
835 1413 1098 1516 intelligimus;

134 1546 209 1627 qua
235 1543 333 1627 parte
354 1521 465 1600 etiam
495 1514 641 1596 Plauto
664 1513 877 1622 longiffinte
902 1516 1098 1602 Terentius

134 1636 373 1714 antecelluit·
410 1625 723 1708 Omnino'aurem
751 1631 901 1731 (inquit
911 1633 1012 1711 idem
1023 1631 1099 1714 Vir
1188 1727 1191 1732 ¹

136 1750 339 1845 maximus)
367 1745 408 1818 in
424 1737 632 1820 Comoedia
649 1735 925 1848 Latinieedunt
948 1741 1100 1824 Graects.

137 1854 215 1935 Cui
244 1855 328 1932 sane
345 1849 566 1952 suffragatur,
590 1875 705 1952 quem
730 1853 827 1943 citat,
854 1847 1011 1944 Fabiusr
1029 1899 1031 1902 ·
1046 1857 1099 1934 de

137 1959 307 2047 Terentio
337 1961 415 2065 ipso
443 1959 493 2038 fic
517 1957 690 2038 scribens.¹
759 1970 782 2005 “
801 1956 960 2041 Miratus
978 1963 1103 2067 sapius
1169 2005 1172 2010 ·

135 2085 161 2120 “
182 2097 254 2178 ego
266 2072 357 2162 sum,
369 2073 519 2172 inquit,’'
548 2071 600 2166 (δι
615 2093 687 2173 ego
699 2068 896 2148 hominem
907 2069 953 2152 ste
970 2077 1104 2154 miran-

139 2205 219 2266 tem
236 2209 316 2262 non
344 2186 466 2260 minus
483 2183 626 2283 miror)
654 2187 681 2224 “
696 2175 764 2282 qui
789 2202 886 2260 tanta
902 2181 1011 2262 fuerit
1034 2209 1105 2289 po·

137 2305 170 2354 “1
189 2297 266 2415 puli
284 2291 455 2401 Romani
472 2295 625 2396 gravitas
649 2311 756 2392 atque
789 2294 999 2388 constantia,
1026 2316 1106 2375 tan·

138 2415 164 2452 “
190 2405 317 2504 rusque
343 2405 462 2485 latinae
479 2404 648 2482 distionis
668 2425 784 2495 amor,
819 2425 859 2483 ut
872 2400 1108 2488 Terentianie

136 2524 162 2562 “
189 2514 318 2592 fabulis
337 2517 415 2615 capi
443 2516 624 2613 potuerit3
660 2503 864 2612 inquibus
895 2537 973 2596 tam
999 2522 1108 2620 pauci

141 2633 168 2670 “
194 2623 292 2715 risus,
310 2621 541 2722 'usqueadeo
555 2645 631 2699 rara
650 2620 933 2729 [commanire.
961 2623 1032 2706 Sed
1046 2654 1105 2733 ag-

142 2743 169 2782 “
196 2731 312 2814 nosco
329 2754 517 2836 tempora:
555 2718 744 2810 vivebant
773 2753 856 2808 turn
891 2731 1107 2838 Scipiones3

145 2857 170 2892 ‘⁸
198 2841 436 2944 Catonesque
462 2858 564 2920 erant
584 2841 624 2917 in
643 2843 762 2942 pretio
776 2865 792 2920 ε·
824 2843 1110 2946 &incrementa

89 3022 92 3028 ,
144 2967 170 3002 “
197 2957 334 3035 fiebant
350 2976 432 3033 tum
453 2953 630 3053 temporis
647 2953 741 3029 illius
763 2953 916 3056 imperii.
967 2953 969 2960 ’
991 2951 1112 3038 Mori-

144 3076 171 3112 “
199 3070 265 3146 bus
282 3065 409 3170 populi
429 3065 467 3138 in
479 3066 707 3166 voluptatem
725 3065 1012 3163 prolabentibus,
1032 3093 1111 3150 ora-

144 3186 171 3223 “
199 3179 256 3254 tio
273 3175 364 3253 fana
383 3173 432 3251 est
453 3173 640 3252 solutior.”
667 3167 857 3266 Haeciile3
878 3175 939 3254 sed
955 3179 1112 3277 iniquus,

151 3291 191 3365 δι
204 3288 314 3362 nimis
331 3284 480 3361 severus.
535 3277 737 3362 Notnsunt
749 3287 902 3384 quidem
916 3287 962 3366 de
982 3285 1112 3374 Teren·

151 3397 207 3476 tio
230 3391 387 3498 Caesarir
416 3395 579 3472 carmina
598 3387 620 3470 a
641 3387 812 3476 Suetonio
827 3401 1017 3478 memorio
1030 3427 1114 3506 pro

151 3510 229 3588 dita
238 3544 253 3598 ς
279 3529 360 3608 qnae
373 3503 475 3582 nefas
489 3501 611 3580 forsan
626 3506 741 3582 videri
758 3505 876 3613 potest
894 3505 1113 3596 deComoe·

151 3619 215 3698 dia
234 3616 453 3706 scribentem
462 3615 742 3717 pretermittere.

360 3797 381 3868 t
398 3793 445 3854 Al
458 3793 612 3872 duritiam·
629 3799 666 3856 V·
678 3813 728 3874 59·
