2734 4482
150 223 155 244 ¹
335 210 415 318 De
441 209 563 350 Stplo
591 210 783 315 Poetico.
900 165 905 170 -
991 217 1065 336 of·
1185 226 1187 238 '

97 381 203 472 iiicut
222 385 358 491 Stylue,
385 393 686 468 non'exornatur.
743 385 828 468 Usu
839 381 918 470 hec
928 395 1059 475 omnia

98 503 224 580 melius
247 501 413 594 venient,
450 523 563 600 quam
590 500 779 580 dominat
819 493 871 575 Et
882 503 948 604 qui
963 505 1060 607 opti-

93 613 162 690 mis
188 609 414 692 Auctoribus
435 607 645 704 assuescunt,
690 634 754 690 eos
774 613 915 714 legunt,
955 613 1064 693 inreli

92 722 215 825 ligunt,
237 729 295 802 .&
330 747 401 826 pro
429 724 567 803 merito
600 743 738 815 amant,
783 745 931 814 omnes,
972 742 1057 829 que

92 855 207 914 revera
238 834 401 939 pulchrae
427 833 510 913 sunt
537 839 576 912 &
614 835 782 926 venustae,
817 831 970 936 figurate
999 839 1057 916 lo·

91 945 221 1044 quendi
255 947 423 1024 rationes
465 965 657 1046 nequeunt
702 969 783 1022 non
828 939 1083 1048 penitiss'rme'

92 1054 324 1158 cognoscere,
360 1061 399 1133 ὅ(
429 1052 536 1156 Srylo
572 1056 651 1148 suo,
688 1073 799 1159 prout
835 1081 891 1144 tes
931 1061 1056 1162 exigit,

92 1165 252 1269 adaptare
264 1205 280 1260 3
311 1191 439 1247 earum
459 1169 547 1247 licet
565 1167 725 1246 nomina
755 1173 793 1247 ὃ(
821 1165 1056 1248 definitiones

90 1277 265 1360 nefando
288 1278 444 1382 quidem
467 1279 725 1360 inaudiverint.

137 1491 327 1581 Uiitatum
354 1498 405 1582 est
427 1495 608 1582 omnibus
634 1500 881 1602 cujuscunque
910 1504 1054 1604 generis

88 1593 337 1716 scriptoribus,
378 1631 461 1693 rem
491 1637 604 1694 unam
641 1609 865 1724 eandemque
894 1607 1052 1720 clivetsts

88 1739 354 1827 nonnunquam
379 1719 551 1835 loquendi
571 1723 691 1807 modis
708 1729 847 1806 eodem
880 1699 1051 1832 rempofe

87 1836 313 1936 exprimere,
353 1837 463 1938 eique
482 1813 648 1940 venerati
682 1859 763 1913 non
796 1837 926 1938 exigua
949 1836 1054 1940 saepe-

86 1962 245 2022 numero
273 1941 363 2018 inest
382 1945 577 2044 elegantia.
628 1941 757 2019 Poetis
781 1966 872 2022 vero
898 1945 960 2020 ista
977 1969 1054 2020 ma·

85 2041 135 2152 gis
168 2050 340 2131 eoncess'a
372 2037 423 2129 est
460 2050 621 2142 licentia,
659 2073 774 2150 quam
795 2047 875 2128 aliis
895 2049 1057 2158 Scripto-

86 2163 203 2254 ribus3
241 2147 345 2240 &ab
375 2155 419 2240 iis
443 2159 671 2264 frequentius
702 2155 910 2266 usurpatum
938 2165 1052 2267 idque

86 2293 228 2379 propter
260 2271 405 2354 causam
433 2272 541 2378 supra
560 2279 833 2367 memoratam,
879 2277 968 2378 quia
994 2279 1052 2356 ni·

89 2385 222 2462 mirum
250 2393 384 2465 eorum
413 2410 527 2490 opera
552 2387 593 2462 in
618 2387 848 2467 ornamentis
874 2393 913 2466 δε
937 2391 1051 2468 deco·

91 2495 221 2576 tatione
251 2498 368 2600 magis
400 2497 600 2577 versantur.
658 2495 712 2574 At
744 2501 784 2574 in
804 2495 874 2577 hac
898 2501 1049 2580 licentia

91 2608 295 2698 exercenda,
320 2605 473 2687 summo
500 2609 702 2705 judicio&
717 2609 854 2688 cautela
867 2635 961 2714 opus
977 2611 1052 2706 cst,

92 2733 132 2791 ne
170 2745 213 2798 ex
261 2739 379 2822 pravo
414 2714 520 2818 ipsius
552 2715 620 2794 usu
651 2709 785 2815 Styrus*
799 2741 864 2818 per
885 2723 1048 2798 nimiam

91 2823 259 2910 luxuriam
278 2823 497 2906 Locroribus
523 2819 721 2928 displiceat.
777 2830 882 2930 Qpid
905 2829 975 2907 hac
1003 2853 1049 2910 er

91 2955 180 3034 parre
205 2939 252 3020 stt
281 2936 470 3031 vitiosum,
511 2938 603 3039 quid
636 2931 836 3040 pulchrum
860 2941 899 3016 δε
927 2940 1048 3020 lauda·

92 3039 167 3142 bile,
206 3075 292 3131 non
314 3049 431 3154 potest
441 3051 577 3128 melius
598 3045 763 3155 perspici,
798 3071 913 3149 quam
941 3050 1049 3145 facta,

90 3149 180 3260 iitper
192 3161 270 3244 hoc
298 3159 552 3265 Argumento,
562 3162 659 3238 inter
678 3155 880 3268 Virgilium
898 3165 936 3239 ὅ(
949 3161 1048 3244 Ovi-

91 3259 182 3351 dium
204 3273 495 3376 comparatione.
562 3267 736 3373 Uterque
770 3276 936 3352 cundem
958 3299 1048 3355 con·
1179 3322 1181 3324 ·

92 3399 230 3484 ceptum
262 3384 369 3467 variis
399 3383 525 3464 modis
555 3378 645 3487 sepe
675 3382 849 3475 exhibet,
893 3386 933 3464 id
953 3411 1045 3471 vero

91 3487 169 3598 ulter
188 3495 332 3604 semper
358 3494 520 3600 pulchre,
564 3495 653 3572 aiter
682 3493 933 3600 sepenumero
966 3524 1046 3603 per-

93 3605 332 3702 perunsacit.
360 3599 529 3688 Ouidius
543 3603 940 3796 remprfftseandem
951 3611 1048 3690 mul·

94 3708 145 3801 ris,
180 3721 658 3828 &nonnunquam-patum
707 3715 849 3820 iversts,
874 3721 1048 3822 exprimit

82 3815 328 3948 ’ἒὶᾅξᾳᾳξδμεξ
345 3825 547 4020 ζξῦνςὶῐὶιέε
562 3851 645 3912 rem
668 3827 854 3946 ingruere
869 3851 986 4016 conpenset
1007 3831 1049 3904 il-

195 3951 199 3960 ’
574 3965 598 4020 2
936 3963 959 4017 u
987 3955 1061 4033 rat,
