2734 4482
331 239 531 362 Poetices
553 238 616 377 in¹
625 272 801 374 genere.
997 283 1067 384 43
1107 365 1111 378 ¹

101 437 184 510 nus,
209 413 467 522 tribueretun
486 410 567 498 Ex
576 426 687 521 parte
703 415 883 515 inquam3
908 417 1069 516 quiahu÷

102 532 157 626 jus
178 530 231 606 tei
255 527 360 608 causa
380 526 559 631 ptaeeipua
580 525 721 604 videtur
752 524 821 606 effe
841 521 875 605 F
877 551 965 622 utot
994 527 1073 622 iste,

102 636 172 720 five
193 635 366 744 Impetus
379 661 481 740 pene
509 640 715 740 plusquam
734 640 918 732 naturalis,
954 661 1074 740 quam

104 747 228 830 Grae'ci
240 745 467 836 ὂνθεσιασμὸν
483 751 687 852 appellent3
729 771 807 848 quo
819 744 944 828 Poetae
968 744 1074 834 aem

100 864 184 940 tetis
213 857 463 963 Setiptotiuus
492 859 770 962 distinguuntur.
826 853 966 940 Illlosai
982 856 1074 945 Deo

102 998 140 1051 re
162 971 243 1076 ipsa
264 972 417 1072 agitatos
442 993 521 1048 non
537 969 652 1062 fuiffe,
692 965 732 1064 (st
749 971 833 1048 illos
850 974 1075 1075 excipiamus

101 1078 254 1172 Poetas,
292 1083 357 1181 qui
379 1076 484 1185 ipsius
505 1078 653 1161 confilia
676 1079 895 1162 hominibus
917 1083 1075 1161 tradide-

102 1199 201 1296 runt)
220 1207 356 1293 'neque
376 1192 491 1272 hodie
504 1193 550 1274 ab
563 1193 786 1296 illo‘agitati,
811 1215 893 1271 non
912 1217 1008 1296 opus
1022 1193 1073 1272 est
1121 1239 1124 1247 ι

103 1324 143 1382 ut
156 1307 385 1411 probemus:
411 1301 563 1384 eosdem
574 1324 697 1390 autem
715 1297 892 1385 Numine
906 1303 1009 1384 fitilse
1022 1301 1076 1382 af.

102 1415 225 1507 flatos,
251 1439 331 1494 uon
350 1413 471 1494 solum
496 1411 630 1498 Poetas
645 1413 782 1508 dixille,
808 1416 872 1496 led
887 1421 925 1496 δι
941 1412 1074 1494 Etlmi

104 1551 171 1604 cos
194 1551 317 1610 revera
343 1525 546 1619 credidisse,
571 1551 641 1630 pro
660 1525 992 1606 certo'habendum
1008 1524 1075 1610 ett-

104 1633 216 1718 Hinc
234 1639 368 1743 oborta
386 1663 466 1718 non
490 1641 646 1742 vulgatls
670 1638 731 1717 ista
757 1639 971 1730 reverentia,
998 1657 1074 1738 qua
1206 1659 1212 1722 ἶ

102 1748 494 1938 celebresppjusmodi
504 1747 705 1855 Setiptores
715 1752 869 1854 populus
881 1747 1076 1859 proseque-

103 1860 236 1941 batut:
311 1862 372 1938 inc
386 1863 621 1960 Saetosillos‚
648 1865 686 1938 &
701 1857 876 1953 Divinos,
902 1862 1075 1940 nomina·

59 1961 65 1973 ⁴
100 1970 224 2052 bant:
264 1963 374 2046 Hinc
399 1969 462 2042 illa
483 1965 692 2057 Musarum,
718 1975 757 2044 δε
784 1969 987 2070 Apollinis,
1011 1970 1076 2046 ali-

101 2096 577 2178 orumquenonnunquam
599 2071 646 2154 N
647 2077 832 2170 uminum,
860 2077 1074 2172 invocatio,

100 2209 185 2290 quas
204 2209 285 2270 nun
310 2184 379 2270 nist
410 2190 450 2269 in
465 2183 708 2274 Poeticotum
730 2212 886 2294 opetum
915 2189 1075 2271 exordiis

103 2299 293 2406 repetitur.

159 2517 211 2600 ln
240 2520 452 2618 huiusmodi
485 2522 627 2618 fabulis,
672 2549 754 2627 quae
783 2527 962 2630 temporis
990 2517 1077 2629 pto*
1233 2511 1236 2516 ¹

108 2633 223 2734 gteffu
247 2627 352 2712 Poeli
381 2629 615 2728 adhaeserunt,
642 2655 751 2738 atque
770 2641 979 2716 etiamnum
1011 2633 1075 2714 ad·

109 2743 321 2838 haerescunt,
349 2747 610 2846 examinandis,
649 2771 850 2847 earumque
884 2743 990 2824 sensu
1019 2746 1074 2828 iu·
1173 2763 1180 2773 '

108 2858 234 2936 tetioti
254 2855 519 2959 investigando
546 2874 692 2958 tempus
713 2874 842 2950 terete,
868 2857 979 2932 nobis
993 2875 1075 2934 nou

22 3007 23 3014 κ
109 2969 243 3072 volupe
273 2967 333 3044 est.
402 2961 446 3045 Id
480 2961 580 3071 penst
606 2967 677 3044 illis
713 2965 966 3068 relinquimus,
1008 2965 1076 3066 qui

110 3071 333 3180 Mythologi
359 3079 606 3181 appellantur:
645 3073 929 3178 Exponam-illi
957 3069 998 3172 (st
1023 3079 1075 3158 ita

110 3188 228 3280 visum
249 3188 313 3291 cll)
352 3189 442 3288 quid
472 3185 537 3266 fibi
563 3190 651 3268 velit
679 3190 802 3293 biceps
821 3187 886 3267 iste
905 3181 1073 3293 Parnas-
1113 3193 1121 3206 ‘

92 3294 192 3400 ›fllss
217 3321 384 3378 novenus
413 3293 607 3376 Musarum
634 3323 831 3390 numerum
858 3295 985 3400 Equus
1012 3299 1077 3378 ille

110 3410 237 3502 alatus,
264 3413 476 3490 cuinomen
494 3406 687 3516 Pegasum
712 3411 1076 3513 &quailledecausa

111 3511 278 3610 Fontem
304 3521 412 3600 ilium
435 3521 717 3614 celeberrimum
738 3525 876 3627 ungula
899 3521 959 3602 sua
994 3546 1077 3624 ape·
1109 3530 1110 3533 ‘

114 3635 233 3712 tuerit.
290 3629 383 3720 Hoc
417 3629 659 3710 solummodo
690 3631 920 3715 observatum
946 3634 1077 3730 velim,

112 3740 181 3820 elle
210 3741 287 3840 hate
317 3743 449 3820 omnia
486 3740 610 3822 sordes
636 3739 805 3838 Poeseos,
832 3739 909 3824 &i
939 3740 1075 3822 Genti-

111 3851 207 3938 lismi
219 3857 315 3936 vitiis
326 3854 557 3957 profluxisse,
582 3856 649 3972 qui
670 3850 879 3950 Poeticam,
905 3877 985 3933 non
1000 3853 1074 3926 mi·

103 3981 177 4060 llus
199 3988 315 4086 quam
344 3961 606 4186 Religipuepn,
651 3965 758 4068 nugis
785 3964 855 4044 suis
875 3962 1074 4158 puppibus

464 4151 469 4166 Α
918 4095 958 4160 ,ε
986 4093 1075 4155 one·
1162 4119 1173 4140 ·
