2734 4482
216 195 220 205 ’
387 243 616 351 uatem
645 205 825 353 mma.
899 211 915 234 ”
1069 288 1101 388 9
1179 269 1184 289 ·

134 418 321 504 'tumentis
351 421 497 528 insuper
529 417 600 497 suis
631 423 669 497 ὅ(
706 413 773 496 fibi
803 415 959 524 propriis
982 411 1106 500 discriss

132 537 284 615 minati.
337 527 434 636 Qrae‘
459 529 615 634 quidem
645 529 792 608 abunde
821 531 1114 624 exhibendum

130 631 348 725 carminum
374 642 571 723 harmonia
601 658 702 729 autes
724 639 942 744 animosque
960 647 1104 725 mulcet

130 761 172 836 &
194 757 378 846 delectam
405 777 528 834 rerum
554 748 768 831 simulachra
787 757 826 830 δι
844 755 1002 857 depictas
1013 757 1104 834 ima·

82 919 84 924 -
130 870 243 974 gines
271 869 392 947 menti
421 857 552 968 foniits
575 865 731 970 ingerit,
746 867 1004 968 imprimitque
1014 903 1029 957 3
1057 863 1103 945 st-

130 979 243 1058 milia
265 979 359 1060 veris
396 975 545 1082 pulchre
579 971 769 1078 fingendo,
809 976 1002 1056 veritatem
1023 979 1104 1060 illu·

130 1090 231 1182 strat,
259 1088 447 1194 magisque
476 1083 676 1166 amabilem
711 1083 830 1165 reddit
842 1119 854 1178 3
892 1091 929 1166 δι
961 1090 1101 1168 decora

131 1203 299 1302 quadam
332 1199 480 1282 licentia
521 1199 619 1304 leges
658 1195 785 1294 serrat,
824 1217 914 1304 quas
958 1201 1104 1283 videtur

128 1315 285 1392 violare.
1099 1320 1102 1335 '

132 1560 135 1569 ·
192 1527 404 1640 Despicitut
424 1529 547 1611 forsan
571 1531 646 1626 illa,
670 1531 729 1614 vel
752 1533 891 1612 minori
913 1533 1041 1614 saltem
1061 1535 1106 1612 in

130 1647 266 1750 preti&
280 1639 303 1723 'a
317 1641 536 1748 quibusdam
559 1644 647 1724 ideo
668 1644 822 1724 habetur
841 1679 853 1738 3
878 1648 983 1750 quod
1000 1659 1106 1726 tanta

129 1749 175 1832 fit
217 1758 355 1857 ubique
375 1753 602 1864 scriptorum
624 1752 745 1848 turba,
781 1757 955 1836 nauseam
984 1755 1104 1836 doctis

130 1867 318 1944 omnibus
337 1867 588 1956 moventium,
623 1868 689 1970 qui
717 1861 851 1946 Poeta
866 1865 1103 1948 scilicetsalu·

129 1978 206 2056 tati
230 1971 412 2050 affetiant.
470 1969 630 2050 Factum
659 1975 813 2074 quidem
843 1977 999 2066 iratist,
1026 1974 1105 2053 sen·

25 2151 27 2164 .
127 2089 320 2164 timus&
349 2086 621 2174 excruciamur3
657 2081 883 2186 nescioquo
908 2085 987 2164 fato
1022 2110 1105 2168 cve-

133 2197 247 2286 nent,
274 2213 316 2274 ut
339 2197 486 2272 nullum
508 2191 552 2274 stt
582 2189 754 2275 doctrina
771 2219 887 2302 genus
913 2199 1018 2300 quod
1034 2197 1104 2279 'vei

134 2325 329 2386 exerceant
373 2307 505 2410 plures,
556 2307 614 2386 vel
652 2307 862 2412 intelligant
888 2311 1103 2416 pauciores:

120 2419 325 2499 innumeri
350 2417 434 2496 sunt
457 2419 534 2520 qui,
565 2417 681 2498 invita
702 2411 889 2514 Minerva,
916 2425 954 2500 δε
977 2441 1106 2500 natura

138 2531 375 2620 reclamante,
414 2521 637 2632 nequiss'tma
659 2519 799 2608 affidue
826 2551 992 2638 pangunt
1015 2557 1105 2638 poc·

139 2659 263 2731 mata3
289 2639 410 2719 versus
431 2639 678 2743 sapenumero
704 2638 877 2735 scribunt,
915 2645 980 2745 qui
1007 2639 1105 2720 nihil

136 2772 307 2852 ptaeterca
331 2747 486 2829 scribere
512 2749 770 2854 aggrediuntur
780 2789 795 2842 3
836 2757 875 2832 δι
898 2753 1104 2858 studiorum

133 2859 215 2942 'fere
231 2864 408 2940 omnium
427 2851 652 2941 difficillimo
660 2859 856 2954 versantur,
883 2863 948 2964 qui
965 2862 1010 2946 ad
1025 2863 1107 2942 nul·

101 2991 105 3004 ·
137 2973 219 3049 lum
242 2968 410 3084 aptisunt
428 2977 467 3050 &
482 2973 621 3052 idonei.
680 2965 952 3052 Damnandum
966 2972 1106 3078 estqui-

25 3089 27 3102 ‘
139 3085 230 3160 dem
266 3081 466 3194 profanum
505 3083 598 3163 istud
627 3080 938 3188 scripturientium
961 3089 1105 3190 vulgus,
1143 3067 1152 3092 ⁸

139 3195 203 3294 qui
219 3193 379 3276 nominis
402 3183 517 3310 hujus
532 3191 702 3274 honorem
731 3198 838 3274 nullo
859 3199 938 3292 jure
953 3192 1021 3274 fibi
1043 3223 1104 3277 au-

140 3297 231 3384 dent
247 3326 449 3414 anogate3·
473 3329 560 3386 cum
590 3307 654 3385 ille
678 3307 722 3384 iis
733 3306 977 3389 solummodo
994 3301 1106 3388 debe*

138 3439 244 3512 atur‚.
257 3418 390 3518 quibus
399 3413 449 3493 cst
466 3439 567 3504 mens
583 3409 762 3512 divinior,
790 3433 904 3532 atque
916 3445 957 3498 os
968 3443 1105 3531 magna

132 3523 378 3630 sanaturum:
425 3525 501 3606 hoc
519 3551 610 3614 veto
634 3548 782 3608 tantum
813 3531 910 3613 abest
937 3550 980 3609 ut
1001 3531 1119 3612 sacra.

144 3633 226 3715 Ani
250 3638 412 3717 infamia
448 3660 580 3729 noram
613 3661 697 3721 vete
736 3643 868 3735 inurat,
907 3660 949 3720 ut
977 3643 1101 3722 eidem

138 3750 260 3850 potius
285 3753 324 3827 in
340 3749 489 3828 laudem
513 3750 630 3829 cedat.
687 3747 744 3831 Ex
760 3777 806 3832 eo
823 3754 927 3830 enim
946 3756 1106 3855 arguitur

141 3861 304 3976 ingenita
339 3855 444 3967 ipsius
469 3862 678 3969 praestantia,
704 3865 808 3964 quod
829 3883 1008 3973 tanquam
1034 3864 1105 3939 im·
1137 3899 1139 3904 v

1000 3973 1106 4082 pulsu
1166 4069 1170 4075 ,
