2734 4482
25 319 27 370 l

305 274 310 290 ⁴
360 225 562 326 'Poetices
593 224 642 322 in
665 211 839 358 genere.
1015 261 1078 357 39
1113 237 1119 247 “

25 463 26 466 a
116 393 245 479 Multo
279 395 402 503 minus
438 399 588 493 alicujus
619 398 671 474 rei
690 395 868 500 persedio
885 417 955 500 pro
976 394 1075 474 illius

115 507 218 589 causa
240 503 417 590 efficienti
442 509 570 586 habeti
595 503 713 612 potest
723 547 737 599 ς
763 509 867 611 quod
894 507 1008 584 etiam
1034 507 1077 582 in
1171 557 1173 568 ,

72 691 74 699 ,
112 622 279 702 terminis
306 620 424 724 (quod
455 621 569 721 aiunt)
596 617 1007 720 absurdumquoddam
1035 619 1076 694 ὃ(

110 733 365 837 praepol’remm
386 725 501 810 sonat.

157 949 375 1034 Petendnm
421 952 471 1034 est
507 952 618 1058 igitur
651 953 757 1054 quod
786 952 983 1055 querimus
1025 975 1069 1029 ex

112 1089 169 1157 eo,
192 1087 313 1168 quem
322 1065 494 1159 diximus,
522 1061 896 1165 imitationis,'atque
910 1060 1075 1142 Harmo

112 1178 191 1272 nia,
217 1197 349 1256 amore
362 1181 376 1254 ε’
406 1173 524 1256 Huic
543 1177 728 1280 principio
755 1176 993 1256 referendum
1013 1171 1076 1262 esi,

111 1289 214 1387 quod
237 1289 351 1366 etiam
371 1289 467 1390 apud
490 1307 617 1389 gentes
631 1288 795 1368 maxime
822 1287 988 1366 barbaras
1014 1307 1078 1362 eo·

112 1417 220 1476 uatus
259 1399 411 1498 quidam
441 1393 606 1504 Pistum,
632 1393 796 1490 Musica,
837 1403 875 1481 ὅ(
901 1394 1077 1486 poeseos,

112 1509 347 1612 reperiantur.
404 1511 552 1617 Quippe
581 1528 715 1600 errant,
758 1510 823 1610 qui
849 1510 927 1586 illas
958 1507 1076 1610 genti-

112 1620 178 1698 bus
216 1619 460 1700 solummodo
486 1622 732 1724 politioribus,
770 1625 808 1698 &
829 1643 893 1724 per
910 1620 1078 1700 inventas

111 1749 201 1810 artes
217 1732 385 1823 excultis,
412 1752 625 1835 competere
641 1731 867 1810 existimant:
895 1729 1077 1809 illaeenim

108 1843 290 1920 omnium
305 1837 387 1918 sunt
408 1845 601 1942 gentium;
627 1847 666 1920 &
686 1841 853 1918 humano
874 1843 1013 1942 generi,
1031 1863 1077 1916 er

110 1953 192 2056 lege
222 1949 386 2047 quadam
409 1943 580 2036 Naturae,
599 1951 841 2037 conveniunt.
898 1947 991 2026 Hoe
1015 1947 1094 2048 igi..

107 2081 169 2142 tut
193 2055 419 2138 discriminis
445 2054 690 2136 solummodo
718 2057 936 2149 intercedit;
973 2056 1080 2160 quod

108 2173 162 2250 ibi
188 2189 383 2259 mmmm,
417 2171 482 2248 ubi
507 2168 638 2246 ineolae
668 2165 941 2254 suntmoribus
969 2187 1079 2270 atque

110 2281 324 2362 eruditione
361 2278 532 2371 instructi,
584 2279 642 2356 hae
676 2297 769 2358 artes
797 2279 911 2359 etiam
941 2280 1078 2360 limatae

112 2389 180 2472 sant
214 2396 256 2470 dt
288 2388 475 2494 perseam
516 2390 583 2470 ubi
619 2390 693 2467 illiv
712 2389 798 2468 sunt
821 2393 963 2484 inculti,
1020 2389 1078 2472 hat

112 2527 264 2604 quoque
286 2502 423 2580 eodem
453 2505 575 2581 modo
600 2500 637 2594 se
662 2499 832 2582 habeant.
888 2499 960 2580 Eas
988 2527 1078 2583 vero

112 2613 161 2690 ibi
179 2615 300 2698 etiam
321 2611 608 2705 locu'mhabere‚
635 2611 807 2690 testantur
817 2615 1009 2692 cantilenae
1022 2637 1079 2690 ru·

115 2727 176 2806 des
200 2729 240 2802 dt
265 2723 435 2814 indocta,
476 2724 627 2799 barbara
650 2719 792 2801 mustea
816 2725 1090 2814 instrumentar

115 2859 154 2916 ac
190 2857 329 2926 rerum,
364 2831 654 2932 hominumque,
702 2833 895 2934 imagines,
931 2829 1081 2910 horrida

25 2963 27 3038 ἴ
116 2947 276 3046 quadam
303 2945 486 3048 imperitia
510 2943 659 3046 depicta
670 2977 685 3031 3
726 2961 808 3042 quae
834 2943 965 3021 omnia
980 2943 1079 3047 apud
1226 3005 1231 3014 .

117 3052 245 3148 ludos,
265 3060 312 3140 'dt
325 3057 603 3161 propemodum
615 3052 713 3132 fetos
725 3050 1080 3170 septentrionalium

25 3219 29 3226 ·
118 3161 335 3246 Nationum
369 3169 536 3271 populos,
564 3165 733 3256 inveniri,
767 3191 788 3244 a
819 3187 968 3273 peregre
995 3189 1079 3274 pto

117 3275 356 3359 ficdoenuum
374 3278 563 3356 itinerariis
580 3278 798 3382 accepimus.

137 3509 139 3516 ⁴
172 3495 256 3580 Cur
277 3518 404 3579 autem
433 3497 606 3579 homines
637 3481 863 3578 Imitationis
892 3517 1082 3604 tantopere

121 3604 189 3688 st'nt
200 3631 381 3703 amantes,
406 3635 487 3690 non
507 3611 586 3702 alia,
612 3635 724 3712 quam
741 3609 829 3703 haec,
855 3609 1084 3690 videturesse

55 3765 57 3772 ·
119 3717 249 3813 causas
274 3725 379 3822 quod
407 3721 527 3802 studio
552 3723 707 3816 naturali
730 3721 881 3826 cupiant
894 3717 1008 3823 scire,
1034 3725 1085 3798 ⁸&

111 3826 223 3957 poffn
263 3829 402 3918 Create
419 3832 1098 4035 aliquod&veteranum1210&ch⁴
1216 3861 1222 3871 .

154 3981 157 3994 .
547 3979 551 3988 ,
621 3967 651 4036 4
1055 3961 1095 4038 ἢ
