2658 4476
155 205 530 345 stueElegantiu,
543 205 906 320 &sublimitate
968 249 1067 352 141

62 379 232 460 'contra
261 371 335 456 hoc
369 376 501 482 ipsum,
538 381 640 479 quod
666 382 743 476 jam
762 384 885 480 citavi,
920 395 1081 474 nonnus-

90 491 132 569 la
168 485 191 570 a
231 487 454 592 quibusdam
492 491 634 587 objici3
677 495 715 569 ὅ(
754 503 958 603 comparati
986 502 1085 583 Oui·

13 623 17 632 ’
92 596 206 681 dium
237 625 329 681 cum
350 595 549 708 Apollonio
580 594 756 698 Rhodio,
796 611 835 685 &
872 611 959 690 etim
995 611 1085 694 Vn,

82 710 211 820 gilio,
248 711 417 807 eiusdem
447 712 592 814 generis
636 711 899 818 argumentum
931 726 1085 804 ttastan·

93 827 212 904 tibus.
275 819 418 922 Neque
433 815 597 902 diffiteor
617 821 775 920 Ouidio,
799 834 912 912 etiarn
927 831 1083 936 quando

91 939 296 1039 optimum
322 931 359 1008 se
382 935 527 1036 ptaesiat,
569 935 831 1016 sublimitatem
861 945 1083 1050 plerumque

93 1045 239 1136 deesse,
266 1043 447 1143 adquam
473 1047 631 1148 quidem
661 1067 767 1128 natus
785 1061 866 1130 non
901 1055 995 1150 fuit,
1038 1065 1081 1140 or

92 1141 369 1239 venustissimis
393 1151 499 1260 ipsius
514 1159 632 1252 diois,
660 1182 703 1239 ac
724 1165 974 1267 conceptibus,
989 1173 1079 1250 vitia

93 1267 165 1347 stra
204 1268 424 1369 plerumque
464 1265 677 1364 immisceri,
715 1276 907 1369 luxuriam,
956 1302 1111 1360 rerum¹

92 1379 313 1459 earundem
340 1378 616 1481 repetitionem,
656 1404 770 1488 nugas
801 1387 1082 1493 intempestivas,
1162 1431 1167 1494 ὴ

93 1495 142 1580 ὃς
180 1487 321 1567 rationi
347 1511 477 1593 patum
505 1513 761 1594 congruentes,
804 1497 937 1602 stylum
976 1505 1080 1583 deni-

96 1624 182 1703 que
212 1601 349 1694 laxum,
375 1604 414 1677 &
433 1597 558 1682 minus
579 1601 800 1710 castigatum.
856 1605 1005 1717 Integra
1022 1617 1079 1694 illi

58 1699 63 1712 ’
99 1713 262 1818 interim
289 1734 437 1794 maneat
464 1716 540 1794 iaus
566 1711 649 1807 sua3
689 1743 803 1821 quam
833 1719 932 1818 ¹sane
966 1727 1081 1806 maxi-

11 1889 13 1894 .
100 1847 217 1902 mam
246 1843 421 1916 merctur,
459 1846 627 1904 naturam
646 1853 746 1923 vere,
790 1837 1080 1936 utplurimum,

100 1935 201 2014 licet
215 1955 297 2012 non
315 1929 457 2037 semper
468 1948 652 2028 accurate,
666 1941 922 2040 exprimendo.

156 2151 292 2260 'Quod'
305 2150 344 2247 fi,
371 2151 476 2260 supet
496 2153 578 2236 hoc
593 2147 828 2262 argumento,
855 2161 1080 2269 Scriptorum
1149 2195 1150 2202 ¹

102 2267 225 2370 culpae
259 2268 405 2371 penitus
445 2290 634 2372 expertem
664 2271 855 2354 consulete
880 2279 1075 2372 volumus3

105 2371 310 2482 Wrgilittm
318 2379 438 2484 ipsum
452 2381 644 2461 adeamus:
663 2386 741 2485 qui,
761 2393 968 2468 cumomni
980 2393 1078 2472 bene

54 2514 57 2524 ¹
102 2485 292 2566 scribendi
306 2513 452 2590 genere,
488 2511 571 2570 tum
592 2490 781 2586 affesiibus
809 2503 988 2607 ptaecipue
1015 2504 1078 2584 de-

105 2597 324 2688 scrinendis,
349 2603 386 2700 or
406 2605 702 2694 commovendis,
728 2613 879 2690 cunctos
897 2613 1002 2696 facile
1018 2613 1078 2694 su·

25 2727 28 2738 ·
90 2699 235 2810 petat:
280 2711 423 2814 Quarto
447 2709 641 2810 praesertim
667 2708 853 2799 AEneidos
875 2723 987 2816 libro,
1010 2727 1077 2826 qui

24 2840 39 2920 j
82 2834 85 2842 ’
107 2811 309 2928 Ttagoedia
326 2819 496 2920 quaedam
508 2813 632 2926 Epicu
649 2824 725 2914 jure
742 2832 928 2909 nominari
947 2836 1078 2934 potest.

110 2925 220 3008 Cum
246 2931 393 3009 nullum
421 2925 465 3008 fit
495 2955 599 3036 opus,
634 2932 880 3043 cujuscunque
911 2945 1080 3040 auctoris,

110 3035 257 3146 linguat,
302 3040 424 3132 seculi,
460 3045 573 3143 quod.
595 3046 712 3125 uarios
743 3045 939 3131 affectuum
968 3055 1079 3154 aesius,

111 3155 151 3231 &
180 3154 372 3244 tumultus,
400 3154 449 3230 ita
466 3153 621 3235 mirifice
636 3159 767 3239 animo
782 3164 992 3267 imprimatt
1019 3194 1076 3256 ex-

67 3255 72 3266 ’
113 3265 237 3366 pediet
267 3256 390 3342 forsan
427 3265 535 3367 partis
567 3268 773 3370 admirandi
803 3273 952 3370 hujusce
977 3282 1075 3376 libri,

111 3390 291 3475 quatenus
316 3333 498 3480 passiones
521 3376 678 3482 respicit,
719 3384 869 3468 brevem
888 3395 1076 3492 quandam
1180 3423 1182 3427 ¹

114 3481 272 3594 malysm
290 3488 389 3566 dare.
997 3545 1000 3553 ·

170 3703 371 3815 Princiun
384 3712 486 3811 ,qun
504 3708 547 3791 su
573 3711 694 3799 Amor
709 3721 822 3804 docet
841 3725 969 3806 infern
985 3721 1078 3825 regi:

118 3839 176 3915 na,
203 3817 368 3935 sororem
385 3825 597 3926 alloquens:
668 3893 669 3898 a
704 3883 734 3904 2
771 3855 780 3914 3-

923 3936 1080 4050 {Anna
